1653 2564
761 129 1016 164 -130—

638 224 669 255 3.
697 223 825 254 Prostat,
845 221 1011 261 judicium,

738 269 836 308 Alget
860 268 994 307 Justitia‚

691 314 761 347 Sibi
786 313 956 347 dominium

740 361 904 400 Usurpant
931 361 1016 400 vitia,

692 407 848 440 Videntur
873 407 1010 438 omnium

740 456 791 488 Ex
815 453 908 486 factis
933 454 1034 496 paria,

693 502 802 533 Virtus
827 503 859 533 et
881 501 992 533 w'tium

741 550 818 582 Cum
842 548 908 580 sint,
932 547 1099 581 contraria.

634 597 673 629 R<
694 596 897 628 Tantalizant
919 594 1034 635 singuli

743 643 942 683 Singulorum
966 642 1100 683 singula,

694 691 881 730 Ignorantes
904 689 1030 729 aemuli,

740 738 822 776 Quid
847 737 889 769 sit
908 737 1009 770 virtus
1035 736 1167 768 aemula.

323 840 403 867 Cant.
426 849 478 868 ms.
499 841 579 868 Petri
598 841 635 868 de
653 839 775 868 Medicis
794 848 869 868 saec.
892 837 935 868 13.
975 839 1044 868 Cod.
1064 839 1253 867 Laurentian.
1272 838 1317 866 Pl.
1337 835 1382 864 29.
1405 835 1429 864 1.

846 1035 938 1067 186.

249 1144 281 1176 1.
306 1144 413 1181 Pange
439 1142 536 1173 melos
560 1141 770 1183 lacrimosum,
924 1143 955 1175 3.
982 1142 1090 1174 Omnis
1114 1141 1208 1172 tellus
1233 1140 1409 1172 admiretur

350 1189 535 1220 Lacrimans
560 1188 669 1230 elegia,
1028 1188 1134 1220 Triste
1158 1186 1251 1219 nubis
1274 1187 1417 1227 pallium,

305 1237 443 1275 Tempus
468 1236 555 1268 venit
576 1237 806 1276 planctuosum,
983 1235 1048 1268 Sed
1072 1235 1130 1267 sub
1155 1236 1249 1266 nocte
1271 1235 1462 1266 lamentetur

354 1283 491 1323 Tempus
515 1281 667 1315 frauda-ns
692 1283 817 1323 gaudia,
1026 1282 1131 1314 Rheni
1159 1282 1373 1321 supercilium,

306 1331 359 1363 Ad
384 1330 525 1370 eclipsim
550 1339 613 1363 nox
637 1331 789 1362 moeroris
984 1330 1091 1362 Omnis
1117 1329 1217 1362 virtus
1242 1328 1358 1360 fundat
1380 1326 1481 1370 fietus,

350 1377 498 1418 Obliquat
523 1377 714 1419 spectacula,
1027 1378 1134 1410 Pallas
1158 1377 1264 1416 ploret
1287 1375 1466 1414 Nestorem,

306 1425 429 1464 Regnat
454 1425 553 1463 dolor,
579 1433 651 1456 nam
677 1422 795 1456 doloris
981 1424 1093 1456 Vatem
1118 1424 1250 1464 plangat,
1273 1425 1379 1455 vatum
1407 1425 1521 1461 coetus,

353 1472 456 1504 Causa
480 1473 544 1502 stat
566 1472 600 1502 in
624 1471 763 1510 specula.
1028 1471 1150 1512 Lugeat
1173 1470 1265 1503 Mars
1288 1470 1471 1502 Hectorem.

246 1559 276 1590 2.
303 1556 406 1589 Rheni
430 1557 518 1588 sidus
541 1556 573 1588 in
599 1564 728 1588 occasus
923 1560 955 1590 4.
982 1557 1006 1589 O
1033 1566 1125 1596 quam
1151 1555 1289 1595 probans
1315 1558 1544 1596 argumentum,

353 1603 479 1635 Latium
504 1603 703 1645 praecipitat,
1030 1603 1116 1642 Quae
1141 1604 1183 1635 sit
1206 1603 1317 1635 mundi
1341 1602 1476 1644 falsitas,

306 1651 406 1683 Stella
431 1650 526 1690 cadit,
552 1651 664 1682 stellae
689 1658 779 1682 casus
980 1651 1063 1690 Quid
1087 1652 1129 1683 sit
1153 1652 1298 1690 mundus,
1323 1659 1382 1690 per
1402 1654 1546 1682 eventum

350 1698 466 1730 Terras
490 1697 603 1730 umbra
625 1697 750 1738 limitat,
1031 1697 1206 1739 Syllogizat,
1229 1699 1358 1736 veritas,

303 1746 399 1777 Latet
423 1752 496 1777 vere
519 1744 654 1777 Latialis
983 1745 1148 1777 Joculatur
1171 1745 1205 1776 in
1227 1745 1361 1785 jacturis

351 1792 451 1832 Plaga
475 1792 589 1824 timens
614 1792 747 1832 oculum,
1028 1792 1182 1825 Constans
1206 1792 1428 1833 inconstantia,

304 1839 377 1871 Nox
401 1842 450 1871 est
472 1839 583 1878 culpae
607 1838 743 1879 socialis,
981 1840 1071 1872 Mors
1096 1841 1252 1873 tremendi
1275 1840 1426 1880 princeps
1447 1839 1529 1880 juris

351 1886 478 1919 Crimen
503 1886 626 1926 quaerit
649 1888 807 1926 angulum.
1027 1887 1152 1928 Regnat
1176 1887 1244 1919 sine
1268 1888 1380 1928 gratia.

322 1994 390 2021 Cod.
417 1995 556 2023 Oxonien.
582 1995 752 2022 Rawlinson
780 1995 804 2022 G
830 1992 894 2023 510.
920 2003 996 2022 saec.
1028 1992 1071 2022 13.
1097 1995 1131 2022 A.
1159 2009 1195 2013 —
1223 1994 1305 2023 Cant.
1329 2003 1383 2022 ms.
1403 1995 1484 2023 Petri
1511 1994 1545 2021 de

242 2032 365 2059 Medicis
391 2041 465 2060 saec.
494 2029 537 2059 13.
571 2032 639 2060 Cod.
665 2033 854 2061 Laurentian.
880 2033 924 2061 Pl.
952 2030 997 2060 29.
1025 2031 1050 2059 1
1073 2034 1107 2060 Β.
1132 2047 1169 2051 —-
1197 2033 1542 2068 Cod.GueIfenbyte1-an.

242 2069 451 2098 Helmstadien
477 2068 541 2098 628
566 2079 641 2098 saec.
669 2068 713 2098 13.
735 2072 766 2099 C.
791 2086 830 2091 —
857 2072 880 2097 B
907 2072 959 2099 hat.
984 2079 1040 2097 nus
1060 2071 1117 2098 Str.
1143 2069 1157 2098 1
1178 2072 1239 2098 und
1257 2070 1345 2098 2.-
1367 2069 1392 2105 1,
1413 2042 1449 2099 Sy
1452 2071 1545 2099 Cauta

243 2110 302 2135 stat
319 2108 354 2134 A.
379 2122 416 2126 —
440 2106 467 2142 2,
490 2106 504 2135 1
530 2108 593 2136 Rea
618 2108 698 2136 sidus
718 2109 752 2136 A.
777 2124 816 2129 —
840 2107 866 2142 2,
885 2108 906 2137 4
927 2109 1032 2136 umbra
1049 2109 1123 2137 fehlt
1142 2108 1173 2136 C.
1201 2123 1236 2128 ——
1262 2107 1290 2143 2,
1311 2108 1328 2137 5
1355 2092 1489 2144 glacialis
1509 2108 1542 2140 A,

244 2145 359 2172 satialis
381 2144 411 2173 Ο.
438 2160 475 2164 -
500 2144 527 2178 2,
547 2143 565 2173 8
586 2146 660 2173 fehlt
678 2147 711 2173 Β.
736 2162 772 2166 -
799 2145 826 2179 3,
847 2129 866 2173 3’
884 2147 1012 2174 lanietur
1031 2145 1062 2173 C.
1085 2162 1122 2167 —
1142 2144 1168 2180 3,
1190 2145 1207 2174 6
1228 2148 1325 2184 plorat
1343 2118 1402 2174 Ago.
1422 2163 1460 2167 -
1479 2144 1505 2180 3,
1526 2143 1544 2173 8

242 2184 381 2247 Lugeget
392 2183 473 2211 Mars
491 2182 520 2210 O.
543 2199 581 2204 -ψ
602 2183 657 2210 Cfr.
671 2183 836 2211 Milehsack
852 2181 907 2211 184
919 2192 962 2218 sq.
985 2198 1023 2203 ——-
1042 2183 1068 2211 A
1081 2184 1134 2211 hat
1148 2167 1197 2212 die
1211 2185 1383 2213 Aufschrift:
1403 2185 1544 2213 Planctus

243 2229 324 2256 cujus
346 2229 401 2248 am.
