1653 2564
743 105 980 140 —90-

632 195 675 225 De
695 203 718 226 s.
739 196 855 226 Thema
875 195 1100 227 Cantuariensi.

809 253 903 283 132³.

221 313 252 346 1.
277 312 386 344 Novus
411 311 501 343 miles
526 310 668 349 sequitur
894 313 926 345 2.
953 312 1039 352 Opus
1065 314 1134 343 erat
1157 312 1280 344 medico

321 359 413 390 Viam
437 358 511 390 novi
536 357 630 397 regiS,
999 359 1121 390 Mundo
1141 359 1289 391 morienti

274 406 380 438 Bonus
405 406 515 445 pastor
538 404 660 444 patitur
953 405 998 437 Et
1021 406 1109 445 gregi
1133 406 1299 438 Dominieo

322 452 385 484 Pro
410 452 513 484 salute
535 451 649 491 gregis,
997 453 1132 484 Pastore
1154 453 1324 493 prudenti3

275 499 411 531 Thomas
437 499 510 538 agni
534 499 686 538 sanguine
952 498 1085 539 Sanguis
1110 500 1250 531 Thomae
1274 499 1390 532 medici

274 547 378 578 Lavat
401 546 501 578 stolae
525 545 668 585 geminae
949 546 1065 578 Mundi
1090 547 1261 588 paralytici

320 594 498 633 Pur-puram
522 592 706 632 rubentem3
999 593 1140 626 Vulnera
1163 595 1297 633 sanavit,

274 640 338 672 Res
364 643 413 672 est
436 640 512 672 satis
538 639 678 682 evidens,
953 640 1076 673 Clamat
1099 650 1177 681 grex
1203 642 1388 680 dominicus,

275 688 365 727 Quod
389 688 531 719 illustrat
555 687 702 718 occidens
953 688 1043 727 Quod
1067 688 1243 729 Anglorum
1267 689 1408 721 medicus

320 735 435 766 Totum
457 734 620 767 orientem.
999 735 1156 768 Mundum
1180 737 1355 769 renovavit.

612 792 643 824 3.
669 791 801 831 Thoma,
827 792 895 823 nati
918 792 1044 830 parvuli

713 838 809 870 Miles
833 838 1045 880 triumphalis,

669 885 720 917 Sis
747 886 834 927 oleri,
857 887 900 918 sis
925 886 1036 927 populi

712 934 828 966 Pastor
851 933 1016 975 spiritalis,

665 980 753 1013 Audi
775 980 1021 1021 Legeeestriam,

669 1027 794 1060 Clerum
820 1030 852 1059 et
874 1028 1020 1060 militiam

711 1075 791 1114 EJus
815 1075 861 1107 ita
884 1083 968 1117 rege,

666 1122 712 1154 Ut
734 1125 844 1162 regnet
867 1123 900 1154 in
924 1122 1029 1163 patria

667 1169 802 1201 Peracta
823 1169 938 1201 militia

716 1216 794 1248 Cum
818 1219 946 1249 aeterno
967 1225 1050 1256 rege.

294 1280 376 1308 Cant.
397 1291 450 1309 ms.
474 1281 553 1308 Petri
574 1281 609 1308 de
628 1281 750 1309 Medieis
773 1290 848 1309 saec.
871 1279 914 1309 13.
950 1280 1018 1308 Cod.
1038 1281 1227 1308 Laurentian.
1246 1281 1291 1309 Pl.
1312 1280 1357 1309 29,
1380 1278 1404 1307 1.
1424 1280 1459 1307 A.
1479 1297 1516 1301 —

219 1318 301 1346 Cant.
326 1327 378 1346 ms.
398 1319 572 1347 Toletanum
598 1328 674 1347 naec.
700 1317 739 1347 13,
778 1319 847 1347 Cod.
867 1319 1015 1346 Matriten.
1035 1319 1128 1346 Tolet.
1157 1317 1212 1347 930
1231 1317 1364 1353 (33—23)
1382 1319 1415 1346 B.
1438 1334 1472 1338 —
1493 1319 1516 1346 B

216 1356 270 1383 hat
287 1365 343 1384 nur
363 1357 410 1384 die
430 1359 505 1385 erste
525 1356 657 1391 Strophe.
678 1373 691 1377 -
709 1375 715 1377 -
736 1357 761 1391 1,
782 1355 800 1385 3
819 1359 918 1393 pastor
938 1357 1010 1384 fehlt
1028 1357 1063 1384 A.

820 1451 913 1481 138.

221 1509 252 1542 1.
280 1507 397 1540 Christi
422 1506 512 1538 miles
897 1508 928 1541 3.
955 1508 1086 1539 Passum
1110 1507 1246 1539 Thomas

326 1554 450 1587 Christo
475 1555 669 1597 commilitat,
1003 1562 1183 1594 compassus
1208 1555 1360 1596 sequitur,

280 1602 439 1635 Christum
463 1609 597 1641 sequens
954 1602 1055 1634 Passu
1077 1600 1168 1633 firmo

324 1649 449 1681 Christo
476 1649 646 1682 cohabitat.
1004 1657 1118 1680 corona
1143 1649 1276 1689 capitur.

220 1707 251 1738 2.
280 1704 424 1738 Christus
450 1705 551 1736 erucis
898 1706 929 1737 4.
955 1705 1041 1745 Ergo
1067 1704 1158 1737 fortis

327 1755 375 1784 est
399 1760 474 1785 suae
498 1752 632 1796 bajulus,
1001 1752 1128 1784 attollat
1151 1752 1282 1793 debiles,

279 1799 429 1833 Crucifixi
955 1799 1064 1831 Solvat
1088 1800 1221 1843 vinctos,

328 1855 452 1878 crucem
475 1844 540 1877 fert
563 1844 709 1880 famulus
1001 1847 1120 1878 soletur
1143 1846 1274 1879 flebiles.

297 1911 377 1940 Cant.
403 1921 455 1940 ms.
475 1911 557 1938 Petri
576 1911 612 1939 de
629 1911 753 1938 Medicis
772 1920 848 1939 saec.
871 1910 915 1940 13.
945 1910 1013 1938 God.
1033 1912 1223 1939 Laurentian.
1241 1912 1285 1940 Pl.
1306 1910 1352 1940 29.
1375 1910 1399 1939 1.
