1653 2564
723 62 979 95 —176—-

587 156 618 187 3.
646 154 773 186 Gaudet
795 153 966 192 Dionysius

641 200 688 232 Et
709 202 812 231 mater
832 199 975 231 Parisius

691 246 764 277 Non
790 245 915 277 invidet
937 245 1098 284 honorem,

644 291 723 323 Jure
747 300 837 323 suum
862 291 995 323 militem

640 338 767 377 Martyr
790 338 887 370 habet
910 337 1076 379 hospitem,

689 385 787 424 Quem
811 383 934 416 fecerat
956 384 1128 424 victorem3

642 433 786 472 Augetur
808 431 843 462 in
867 439 997 463 munere

640 479 766 512 Foenus
790 479 851 510 hoc
873 478 908 510 in
932 477 1045 510 funere

686 525 853 557 Ecclesiae
875 524 1001 565 cultori,

640 572 730 611 Quod
758 572 874 612 regalis
899 571 1036 611 dignitas

638 618 685 651 Et
706 620 805 659 legati
829 619 982 651 sanctitas

685 666 757 699 Non
787 665 890 698 defuit
912 666 1034 700 honori.

274 770 356 797 Cant.
383 778 436 797 ms.
462 769 544 796 Petri
571 768 607 796 de
624 768 748 796 Medicis
775 777 849 797 saec.
878 766 921 797 13.
963 769 1031 797 Cod.
1052 769 1241 797 Laurenfian.
1261 768 1307 795 Pl.
1335 765 1380 795 29.
1407 765 1432 794 1.
1462 781 1496 786 —-

200 806 230 841 1,
265 806 279 834 1
300 807 517 835 Alabaustmm.
537 822 575 827 —-
595 805 625 840 2,
655 804 689 833 11
710 806 846 835 Kal-ulos.
866 820 904 826 —·
923 807 1063 835 Dieselbe
1081 805 1274 833 Handsehrift
1293 805 1405 833 emhilt
1423 805 1499 833 auch

197 847 245 873 ein
263 845 336 873 Lied
356 845 409 872 auf
423 845 477 873 den
489 845 776 881 Regienmgsantfitt
786 845 912 882 Ludwig
922 844 1013 878 VEL,
1034 844 1126 872 leider
1138 852 1194 871 nur
1207 844 1255 870 die
1269 845 1345 871 erste
1357 842 1497 879 Strophe3

197 884 278 911 diese
302 884 410 911 lautet:

608 950 725 977 Beata
742 950 849 976 nobis
870 949 1011 986 gaudia

610 986 740 1014 Reduxi'o
761 986 859 1022 proles
878 988 969 1022 regia,

645 1024 778 1061 Philippi
797 1025 1020 1061 primogenitus,

649 1062 706 1095 Qui
724 1064 818 1097 patris
838 1064 911 1090 actis
931 1062 1051 1089 inclitus

607 1100 670 1127 Nee
687 1099 775 1127 laude
794 1108 895 1128 carens
914 1100 1042 1135 propria,

609 1138 682 1165 Post
700 1140 745 1165 ‘tot
762 1137 896 1165 laborum
915 1138 1022 1170 taedia,

648 1175 721 1202 Post
739 1177 783 1202 tot
801 1175 900 1203 felices
922 1177 1015 1202 exitus

612 1214 681 1240 Tibi
700 1212 829 1246 debetur,
854 1213 966 1246 Gallia;

610 1251 704 1285 Regni
724 1250 806 1285 cujus
826 1251 914 1278 initia

646 1289 720 1323 Tua,
740 1288 797 1316 Dei
816 1292 850 1316 ‘m
869 1289 986 1325 digitus,

610 1326 769 1361 Adspirate
789 1326 945 1354 elementia

647 1363 759 1397 Veni,
779 1367 924 1392 creator
947 1365 1113 1400 spiritus.

794 1569 888 1601 24¹2.

187 1635 224 1697 ⁸1.
252 1664 276 1696 O
301 1673 397 1705 mors,
424 1673 503 1704 quae
528 1666 656 1698 mordes
680 1666 794 1709 omnia,

297 1711 387 1743 Nulli
413 1712 552 1751 dignaris
576 1721 718 1754 parcere,

251 1758 333 1790 Nam
359 1761 487 1790 cunctos
512 1760 580 1791 sine
604 1760 697 1792 venia

296 1806 364 1837 Tuo
388 1807 563 1846 prosternis
589 1808 728 1850 vulnere,

297 1853 369 1885 Non
393 1861 428 1885 se
452 1853 562 1893 palpet
585 1854 656 1893 plus
673 1863 814 1897 paupere

247 1900 346 1933 Dives
369 1909 429 1940 pro
452 1910 509 1933 sua
532 1902 643 1942 gloria,

296 1948 369 1979 Nou
395 1953 429 1979 te
452 1949 485 1980 vi
507 1949 560 1980 vel
583 1949 720 1988 pecunia

295 1996 433 2027 Possunt
455 2004 546 2037 reges
572 1997 717 2037 evadere,

295 2043 335 2074 In
360 2050 467 2074 omnes
491 2043 563 2083 pari
586 2046 729 2082 pondere

248 2089 317 2121 Tua
341 2088 443 2121 fertur
467 2091 634 2125 sententia.

873 1668 903 1700 2.
930 1666 980 1698 De
1004 1669 1037 1697 te
1060 1666 1143 1698 male
1165 1668 1387 1706 conquaeritur

977 1712 1046 1745 Nec
1069 1713 1138 1745 sine
1163 1721 1258 1745 causa
1282 1713 1397 1753 Gallia,

929 1760 1015 1799 Quae
1036 1763 1100 1792 tam
1126 1760 1261 1792 dolenda
1286 1761 1407 1800 patitur

977 1807 1033 1840 Sui
1056 1807 1140 1847 regis
1166 1807 1344 1847 dispendia,

975 1854 1060 1886 Dum
1084 1854 1287 1895 Philippi
1313 1856 1494 1896 praesentia

928 1902 997 1934 Tua
1020 1905 1107 1934 sorte
1130 1901 1337 1945 subtrahitur,

930 1948 991 1987 Qui
1014 1949 1041 1980 si
1065 1957 1174 1989 regum
1198 1949 1365 1982 deducitur

976 1997 1014 2029 In
1040 1998 1196 2030 communi
1220 1998 1363 2037 victoria,

975 2043 1104 2078 mactae
1128 2045 1254 2077 virtutis
1278 2045 1383 2084 gratia

929 2090 1032 2132 Super
1055 2101 1163 2124 omnes
1188 2092 1354 2124 attollitur.
