1653 2564
228 188 258 219 3.
285 187 429 227 Accepta
453 187 532 219 facit
554 196 685 219 munera

285 233 460 274 Largitoris
485 242 572 264 mens
597 233 708 276 libera,

336 306 339 312 .
405 303 411 312 .
441 306 447 312 .
473 278 653 310 considerat

329 327 377 359 Ut
397 328 521 364 gratum
541 325 644 357 minus
670 325 790 364 offerat,

286 373 377 410 Quod
400 379 490 402 secus
512 371 624 411 nequit
645 370 725 413 fieri,

284 418 355 449 Nisi
379 426 467 449 mens
487 418 585 449 instet,
609 418 697 456 operi

283 464 387 496 Extra
415 464 571 502 probante
595 464 736 501 dextera,

330 510 420 550 Quod
446 511 547 542 virtus
572 510 656 541 intus
681 511 821 550 generat,

284 557 327 588 Et
353 566 394 588 ne
416 566 506 588 mora
527 557 569 588 sit
593 557 682 587 oneri

284 603 419 635 Sibimct
444 603 539 635 dicit:
562 612 710 643 propera.

842 94 910 130 160
966 115 1008 119 —

908 189 937 219 4.
965 187 1066 219 Grata
1090 186 1178 217 venit
1202 186 1358 226 celeritas,

964 233 1028 265 Ubi
1054 232 1218 271 dispensat
1238 232 1380 271 largitas,

1014 280 1100 317 Quae
1125 278 1209 309 eirea
1232 277 1417 309 beneficium

1011 324 1130 356 Mentis
1155 324 1239 363 gerit
1259 323 1422 361 indicium,

967 371 1062 410 Cujus
1087 369 1229 401 favorem
1251 370 1428 408 praedicat,

967 417 1027 455 Qui
1053 417 1135 448 velle
1159 417 1263 448 vultus
1288 416 1418 449 indicat.

966 464 1034 495 Has
1062 463 1160 494 dandi
1183 465 1291 494 servat
1314 464 1442 495 semitas

1011 509 1185 549 Largitatis
1210 508 1367 550 officium3

968 556 1027 594 Qui
1051 564 1141 588 secus
1165 557 1230 597 agit
1255 556 1422 596 claudicat,

966 603 1035 635 Nee
1060 606 1108 634 est
1131 604 1165 635 in
1190 613 1226 636 eo
1250 604 1379 637 veritas.

300 668 384 695 Cant.
403 676 457 694 ms.
477 668 557 695 Petri
577 668 613 695 de
632 668 755 695 Medicis
775 676 849 695 saec.
873 664 916 696 13.
952 667 1021 695 Cod.
1041 670 1230 696 Laurentian.
1251 668 1295 696 Pl.
1317 667 1362 696 29.
1386 667 1412 697 1.
1434 669 1468 696 Λ.
1488 686 1526 690 -

225 703 294 732 0011.
315 705 571 740 Guelfenbyteran.
597 705 810 733 Helms‘tadien.

839 704 904 734 628,
929 714 1004 733 saec.
1027 705 1071 735 13.
1093 707 1124 733 Β.
1154 721 1191 725 ——
1218 705 1250 738 1,
1279 704 1297 734 3
1319 707 1466 743 Quicquid
1490 708 1529 741 133

223 751 274 770 eur
294 743 344 770 det
361 743 396 770 Α.
418 759 454 763 ——-
474 741 500 777 2,
522 743 539 770 7
560 745 689 780 potestas
709 743 843 779 plurima.
864 757 901 762 ——
921 741 946 778 2,
968 744 986 771 ὅ
1006 743 1120 780 proficit
1136 745 1168 772 B.
1190 759 1227 764 —
1240 744 1298 772 Str.
1319 742 1337 772 3
1357 745 1431 772 fehlt
1445 745 1479 772 A.
1493 761 1531 765 ——

226 779 283 807 Str.
304 779 324 808 4
343 781 417 808 fehlt
434 781 467 808 Β.
489 797 526 801 -
548 781 604 809 Ofr.
623 781 789 809 Msschsaok
811 779 865 809 180
885 790 927 817 sq.

282 936 348 968 Fas
374 940 406 968 et
428 936 519 969 nefas
544 937 707 970 ambulant

330 983 399 1016 fere
423 993 520 1023 passu
544 985 626 1025 pari,

280 1031 438 1073 Prodigus
462 1041 527 1064 non
550 1032 681 1064 redimit

329 1079 439 1111 vitium
464 1080 563 1121 avari,

281 1126 392 1158 Virtus
417 1127 627 1166 temperantia

328 1173 463 1214 quadam
488 1174 640 1214 singulari

279 1220 383 1252 Debet
407 1221 547 1253 medium

280 1268 334 1300 Ad
359 1271 528 1308 utrumque
551 1268 662 1301 vitium

329 1315 428 1348 Caute
453 1316 671 1355 contemplari.

281 1371 315 1403 Si
340 1372 456 1411 legisse
480 1380 635 1404 memoras

330 1418 465 1450 ethicam
492 1420 629 1457 Catonis,

280 1464 318 1495 1n
345 1474 407 1504 qua
431 1466 584 1505 scriptum
608 1466 741 1506 legitur:

323 1512 451 1544 ambula
476 1521 547 1544 eum
570 1511 671 1554 bonis,

279 1557 356 1590 Cum
382 1559 423 1590 ad
450 1560 547 1592 dandi
571 1560 703 1599 gloriam

325 1607 463 1637 animum
487 1607 639 1648 disponis,

276 1651 380 1691 Supra
413 1656 519 1684 cetera

275 1698 418 1730 Primum
438 1699 499 1731 hoc
524 1699 700 1736 considera,

323 1744 398 1783 Quis
423 1746 466 1776 sit
491 1746 603 1786 dignus
630 1746 730 1780 donis.

224 937 255 970 1.

831 875 929 906 229.

907 938 937 970 3.
965 938 1063 970 Vultu
1086 937 1163 969 lieet
1187 938 1291 977 hilari,

1010 984 1107 1018 verbo
1131 986 1208 1017 licet
1230 985 1359 1026 blando,

965 1032 1016 1065 Sis
1044 1033 1183 1072 aequalis
1206 1033 1359 1071 omnibus,

1009 1089 1104 1112 unum
1129 1082 1234 1112 tamen
1257 1081 1388 1112 mando:

965 1127 999 1160 Si
1023 1128 1070 1159 vis
1097 1130 1184 1159 reete
1208 1127 1340 1168 gloriam

1009 1175 1184 1214 promereri
1210 1175 1325 1216 dando,

962 1220 1104 1254 Primum
1130 1222 1238 1254 videas

964 1268 1104 1301 Granum
1128 1269 1212 1301 inter
1235 1269 1354 1310 paleas,

1009 1317 1066 1349 Cui
1092 1317 1147 1348 des
1173 1319 1205 1348 et
1229 1317 1364 1356 quando,

960 1373 1057 1417 Dare,
1083 1382 1146 1404 non
1171 1376 1207 1405 ut
1231 1374 1386 1413 convenit,

1008 1421 1079 1453 Non
1106 1423 1154 1452 est
1178 1430 1197 1453 a
1220 1420 1348 1461 virtute,

959 1467 1082 1499 Bonum
1107 1470 1155 1499 est
1176 1468 1348 1500 secundum
1371 1468 1456 1509 quid,

1006 1515 1065 1546 sed
1088 1523 1152 1546 non
1175 1516 1331 1557 absolute,

959 1561 1064 1601 Digne
1090 1561 1168 1593 dare
1190 1562 1311 1602 poteris

1009 1611 1041 1639 et
1064 1610 1181 1641 mereri
1205 1611 1272 1641 tute

957 1654 1090 1687 Famam
1110 1657 1260 1698 munem,

959 1701 994 1733 Si
1017 1712 1068 1734 me
1091 1703 1180 1742 prius
1205 1703 1331 1736 noveris

1005 1750 1095 1781 Intus
1121 1753 1153 1781 et
1176 1751 1208 1782 in
1234 1753 1315 1783 cute.

616 1803 647 1833 5.
673 1802 709 1834 Si
733 1802 910 1841 prudenter
933 1805 1075 1837 triticum

716 1849 820 1888 paleis
848 1851 1010 1894 emundas,

671 1897 804 1928 Famam

829 1899 906 1930 emis
928 1907 1067 1940 munere,

716 1943 773 1975 sed
799 1948 918 1986 caveto,
947 1954 1016 1977 cum
1043 1948 1110 1987 daS‚

668 1990 841 2033 Largitatis
871 1993 974 2024 oleum

715 2038 798 2070 male
821 2048 863 2071 ne
887 2038 1039 2081 effundas,

668 2085 708 2117 In
731 2088 764 2117 te
787 2086 916 2126 glorior⁷

669 2131 750 2170 Quia
775 2133 879 2165 Codro
906 2134 1033 2167 codrior

717 2179 868 2210 Omnibus
901 2180 1055 2213 abundas.

293 2237 377 2264 Cant.
399 2246 452 2264 ms.
472 2239 553 2266 Petri
573 2239 608 2266 de
629 2241 752 2268 Medicis
772 2249 848 2269 saec.
871 2241 914 2270 13.
955 2244 1024 2271 Ood.
1042 2246 1232 2274 Laurentian.
1253 2247 1296 2274 Pl.
1317 2246 1362 2275 29.
1385 2248 1409 2276 1,
1431 2249 1465 2276 A.
1486 2266 1523 2271 —

216 2275 355 2302 Carmina
372 2276 491 2303 Burana
516 2285 543 2311 p.
573 2273 599 2303 2.
619 2278 651 2304 13.
675 2292 712 2297 —-
734 2278 763 2312 1,
790 2277 807 2304 2

216 2313 249 2340 A.
271 2326 308 2330 -—
330 2310 356 2346 2,
379 2312 397 2339 7
416 2312 500 2340 1ntra
519 2316 616 2341 cetera
633 2314 666 2341 B.
687 2330 723 2334 —
744 2315 800 2342 Str.

827 2279 921 2307 Passu
944 2281 1004 2309 fere
1023 2283 1056 2310 Β.
1082 2297 1118 2301 -
1145 2282 1177 2317 2,
1204 2282 1221 2311 6
1240 2284 1358 2311 Assumi
1388 2286 1521 2321 disponis

822 2314 840 2343 3
859 2325 887 2343 u.
907 2315 927 2343 4
946 2319 1114 2355 umgestellt
1130 2320 1166 2347 B.
1184 2336 1217 2340 —
1241 2319 1268 2353 4,
1293 2320 1313 2348 4
1332 2322 1373 2348 Et
1391 2331 1450 2349 uon
1470 2325 1520 2352 ab·

217 2349 312 2378 solute
330 2350 364 2376 B.
383 2364 422 2369 —-
448 2348 482 2384 4,
512 2349 529 2378 5
557 2352 636 2379 Dare
655 2352 752 2388 dignis
770 2355 881 2387 poteris
900 2354 934 2381 B.
954 2371 991 2375 —-
1010 2355 1044 2391 4,
1064 2355 1081 2384 7
1102 2365 1222 2385 munere
1243 2358 1277 2384 A.
1298 2373 1335 2376 —
1355 2357 1387 2393 5,
1408 2358 1425 2385 7
1445 2361 1522 2390 Mihi

218 2388 328 2424 glorior
348 2388 383 2416 A.
