1653 2564
728 124 764 128 —
817 103 980 138 172—

589 200 619 230 5.
643 197 785 229 Mundus
808 196 863 228 hic
886 205 906 227 a
929 197 1061 229 crimine

693 244 782 275 Vixit
810 245 841 275 et
864 243 897 274 in
921 244 1048 284 mund0,

644 290 789 322 Honores
813 299 834 322 a
855 289 964 321 limine

693 336 860 376 Salutavit,
885 337 1002 368 mundo

646 383 751 415 Corde
775 383 865 423 vixit,
890 391 1020 415 munere

690 430 842 470 Mundus,
868 430 902 461 in
925 429 1085 469 profundo

645 476 717 509 Non
742 477 921 509 submersus
944 478 1063 518 remige

692 524 811 557 Christi
835 522 905 556 fuit.
953 523 1067 556 Fando

644 571 718 603 Tibi
741 579 863 611 preces,
888 571 1007 610 inclite,

689 618 753 650 Pro
777 628 828 650 me
851 616 950 650 funde
977 618 1114 659 Christo,

646 665 691 698 Ut
717 665 775 698 sub
800 668 887 697 recto
911 666 1040 698 tramite

692 713 793 745 Cursu
818 721 941 745 curram
964 713 1037 745 isto.

278 778 360 805 Cant.
383 786 436 806 ms.
455 778 536 805 Petri
556 778 592 805 de
609 777 733 805 Medicis
753 786 828 805 saec.
851 774 894 804 13.
935 778 1004 805 Cod.
1024 778 1212 806 Laurentian.
1233 778 1275 805 PL
1295 775 1339 805 29.
1362 776 1386 805 1.
1407 778 1441 805 A.
1462 793 1499 798 —-—

202 816 270 844 Cod.
298 816 551 851 Guelfenbyteran.
575 815 786 843 Helmstadien.
813 812 875 843 628.
900 823 975 843 saec.
998 813 1041 844 13.
1062 816 1095 843 Β.
1121 830 1159 835 --
1186 815 1242 843 Str.
1269 813 1287 843 2
1311 815 1384 842 fehlt
1402 817 1435 842 Β.
1462 830 1498 835 —-

201 852 231 888 3,
260 853 276 881 5
302 854 465 891 regreditur
484 855 518 881 B.
547 868 577 872 —
596 853 654 881 Str.
674 851 694 880 4
712 853 785 880 fehlt
804 854 838 881 B.
857 867 895 871 -
913 851 947 888 4,
974 852 992 880 5
1012 854 1086 881 Cum
1104 853 1211 880 mundo
1232 854 1265 881 A.
1285 868 1323 872 —
1342 854 1404 881 Das
1425 853 1499 881 Lim]

200 892 286 919 feiert
309 893 365 919 deu
383 891 561 920 Erzbischof
575 890 715 919 Wilhelm
739 900 797 918 von
816 892 961 927 Bourges,
988 890 1008 926 †
1031 892 1087 919 den
1109 889 1151 918 10.
1171 891 1283 918 Januar
1305 889 1386 918 1209.

802 983 899 1014 2111.

199 1054 230 1086 1.
254 1054 334 1094 Regi
358 1062 467 1093 regum
490 1053 627 1085 omnium
877 1053 909 1084 2.
936 1052 1068 1085 Praesul
1093 1052 1283 1084 venerabilis

305 1101 419 1133 Grates
444 1109 503 1140 ago
527 1101 658 1140 gratiae,
982 1099 1027 1131 Et
1052 1099 1163 1139 dignus
1187 1099 1347 1140 memoria,

257 1148 316 1187 Qui
344 1147 588 1180 Bituricensium
937 1147 1021 1186 Pius,
1049 1148 1163 1186 castus,
1189 1146 1326 1185 humilis,

302 1194 449 1227 Providit
473 1195 625 1226 ecclesiae
979 1193 1158 1233 Disponens
1182 1202 1241 1233 per
1264 1193 1369 1225 omnia

255 1242 418 1274 Pastorem
442 1242 611 1281 egregium,
935 1240 1029 1280 Sequi
1048 1239 1216 1282 Christum,
1237 1240 1387 1272 mundum
1402 1241 1498 1272 istum

303 1289 363 1328 Qui
387 1288 476 1329 pavit
500 1289 625 1329 egregie
980 1286 1078 1328 Fugit
1101 1289 1135 1318 et
1157 1287 1308 1320 eoelestia

257 1336 393 1376 Gregem
421 1335 635 1367 oberrantium
936 1334 1123 1374 concupivit
1147 1337 1180 1366 et
1203 1334 1335 1367 ambivit

303 1384 334 1415 A
359 1384 411 1415 via
431 1383 585 1421 justitiae.
981 1381 1093 1413 Sobrie
1116 1391 1204 1414 mens
1229 1382 1345 1415 sobria.

594 1440 625 1471 3.
651 1437 729 1469 Vita
750 1438 828 1477 justi
853 1438 999 1480 gloriosa,

648 1484 694 1516 Ut
717 1493 804 1517 moro
831 1487 915 1516 esset
938 1485 1078 1524 pretiosa

696 1532 793 1571 Apud
816 1533 928 1572 Deum,
953 1533 1078 1570 meruit,

694 1579 739 1610 Et
767 1580 820 1619 qui
844 1578 905 1610 sibi
929 1579 1031 1621 viluit,

649 1625 679 1656 A
705 1626 815 1658 datore
839 1626 1011 1665 gratiarum

650 1671 728 1704 Cum
750 1672 813 1704 fine
836 1673 1034 1705 miseriarum

696 1719 839 1751 Gloriam
862 1719 1000 1751 obtinuit,

697 1766 741 1799 Et
766 1767 911 1799 decorem
934 1767 1047 1800 induit.

276 1833 358 1861 Cant.
377 1840 431 1859 ms.
450 1832 532 1859 Petri
551 1831 587 1858 de
606 1830 728 1858 Medicis
749 1839 823 1858 saec.
846 1828 890 1858 13.
932 1831 1001 1859 Cod.
1021 1832 1209 1859 Laurentian.
1229 1832 1274 1859 Pl.
1294 1828 1340 1858 29.
1362 1829 1387 1858 1.
1404 1846 1439 1850 -
1460 1832 1496 1859 In

198 1872 349 1899 dei-selben
374 1869 566 1898 Handschrift
596 1867 724 1897 befindet
752 1869 814 1896 sich
843 1870 891 1896 ein
915 1869 990 1897 Lied
1014 1868 1067 1897 auf
1090 1869 1144 1896 den
1170 1869 1234 1896 Tod
1263 1869 1313 1896 des
1341 1868 1443 1897 Pierre
1467 1870 1496 1897 le

199 1910 323 1938 Chantre
348 1908 379 1943 (†
406 1905 501 1942 1197),
528 1916 587 1935 von
611 1906 676 1935 dem
699 1906 790 1934 leider
812 1915 868 1934 nur
895 1908 961 1935 eine
985 1907 1110 1943 Strophe
1135 1907 1305 1935 vorhanden
1329 1908 1382 1942 ist3
1415 1907 1496 1935 ‹liese

196 1949 303 1975 iautetz

610 1981 770 2018 Ecelipsim
789 1990 893 2018 passus
913 1984 1020 2010 totiens

647 2020 773 2047 Mundus
794 2021 909 2048 dolores
929 2021 1024 2054 iteret,

609 2058 783 2086 Praeciarae
801 2059 876 2086 lucis
897 2060 1012 2094 patiens

648 2096 790 2123 Oceasum
808 2096 917 2123 luctum
936 2099 1053 2130 reseret,

608 2133 756 2161 Radiabat
772 2134 904 2161 Parisius

612 2171 741 2206 &figens
764 2171 932 2198 Cantoris
952 2172 1059 2206 radius,

650 2209 743 2242 Quem
762 2218 839 2236 mors
858 2209 941 2236 videt
961 2211 990 2236 et
1005 2208 1126 2242 invidet,

649 2246 726 2273 Dum
749 2248 805 2274 tot-i
823 2246 930 2274 mundo
951 2246 1093 2282 providet,

614 2284 692 2311 Dum
710 2285 831 2311 verbum
848 2285 928 2312 vitae
947 2286 1079 2317 seminat,

650 2322 728 2348 Dum
746 2322 825 2349 lueet
843 2329 903 2348 non
922 2322 975 2349 sub
996 2323 1102 2355 modio,

650 2358 789 2387 Sublatus
810 2359 855 2387 sol
874 2359 910 2386 de
928 2359 1024 2387 medio

612 2397 740 2425 Felicem
758 2398 848 2424 vitai-n
868 2398 1013 2424 terminat.
