1653 2564
740 109 972 148 ⁸25..

585 208 616 241 5.
642 205 709 240 Nos
733 208 831 249 igitur
855 218 895 242 ex
919 208 1025 242 debito

641 256 871 289 Benedicamus
896 256 1041 298 Domino,

689 303 748 341 Qui
772 305 903 336 aethera

689 350 790 382 Nobis
814 350 959 382 indebita

734 396 802 428 Nos
827 406 934 429 amore
957 398 1094 439 reduxit,

691 442 816 475 Gaudia
1035 459 1041 462 -

691 490 821 522 Donans
845 490 960 523 eximia

736 536 813 568 Dies
837 537 928 569 nobis
952 538 1067 570 illuxit.

274 608 344 636 Οοᾱ.
365 608 571 644 Cantabrigen.
592 609 631 638 Ff
647 610 663 636 1
686 608 719 636 17
740 611 804 637 add.
837 619 912 639 snee.
935 609 979 638 13.
1004 626 1043 631 ——-
1070 611 1095 647 1,
1115 611 1133 639 2
1161 612 1229 640 lies:
1255 614 1378 642 Nostros
1399 614 1501 642 videns

196 647 352 674 interitus?
367 661 405 665 —
425 644 452 682 5,
473 645 490 674 6
510 647 583 675 fehlt
602 648 667 675 eine
687 648 777 675 Silbe.

202 819 230 852 1.
257 818 353 851 Alma
379 818 457 857 (lies,
486 818 587 849 dulcis
614 818 667 857 qui
692 827 735 858 es,

303 865 381 898 Cum
406 865 557 904 triumphi
584 865 707 897 cumulo

255 912 320 944 Leo
346 911 450 951 fortis,
476 912 580 944 victor
603 913 725 952 mortis,

304 960 372 998 Qua
395 959 498 999 surgit
522 959 562 991 de
586 959 716 992 tumulo.

258 1006 352 1038 Felix
378 1006 457 1046 dies,
484 1005 562 1037 felix
586 1006 676 1045 hora,

259 1053 326 1092 Qua
350 1053 393 1084 ad
417 1053 584 1092 superiora

257 1101 368 1133 Victor
393 1100 479 1132 redit
503 1099 571 1131 sine
595 1108 693 1131 mora.

198 1158 229 1189 2.
257 1156 334 1188 Dies
354 1155 439 1187 laeta
463 1155 533 1187 sine
555 1158 648 1195 meta,

305 1204 330 1236 O
357 1202 424 1234 dies
448 1203 609 1243 victoriae,

257 1250 296 1282 Iu
321 1259 382 1289 qua
406 1252 540 1280 mortem
563 1249 642 1282 vicit
664 1248 780 1281 fortem

306 1298 376 1329 Rex
401 1298 550 1328 aeternae
574 1296 704 1336 gloriae.

256 1344 343 1376 Mira
366 1343 499 1383 peregit,

259 1391 396 1423 Tartara
420 1389 577 1430 confregit

257 1438 302 1469 Et
326 1438 450 1470 hostem
474 1437 609 1477 subegit.

200 1496 233 1528 3.
259 1494 331 1526 Lux
355 1493 518 1525 laudanda
541 1496 574 1525 et
598 1493 741 1525 ornanda

304 1540 397 1574 Omni
421 1541 610 1580 reverentia,

254 1589 354 1629 Quam
379 1587 527 1630 sacravit,
553 1596 646 1628 quam
671 1587 779 1620 beavit

305 1635 424 1668 Divina
446 1636 599 1675 potentia.

256 1683 281 1716 Ο
308 1683 376 1716 dies
401 1682 556 1724 amabilis,

257 1730 344 1769 Quae
367 1739 525 1770 nunquam
551 1729 667 1770 labilis,

256 1777 320 1810 Sed
345 1786 472 1817 semper
495 1777 630 1809 stabilis.

817 739 887 771 21.

879 820 911 850 4.
941 817 1029 850 Haec
1051 821 1216 859 peccatum
1241 823 1416 853 veteratum

985 866 1089 906 Fugat
1114 869 1146 897 et
1168 866 1341 909 interitum,

937 912 1106 944 Beatarum
1130 913 1306 945 animarum

984 960 1074 991 Pium
1099 968 1228 992 servans
1254 962 1409 995 meritum.

939 1006 963 1038 O
990 1006 1057 1038 dies
1081 1007 1184 1048 beata,

938 1052 1028 1084 Nulli
1052 1056 1243 1094 comparata,

938 1099 1005 1138 Qua
1028 1110 1112 1133 mors
1138 1103 1185 1132 est
1210 1099 1327 1141 fugata.

880 1157 911 1188 5.
936 1156 1122 1188 Resurrexit
1146 1160 1178 1188 et
1201 1158 1331 1199 revexit,

984 1203 1066 1242 Quos
1091 1204 1213 1236 sorbuit
1235 1204 1393 1244 interitus,

938 1250 1153 1290 Comaei-mur,
1180 1251 1346 1283 comitatur

988 1296 1107 1329 Chorus
1132 1298 1215 1329 hunc
1238 1298 1407 1338 angelicus,

939 1343 963 1376 O
991 1344 1058 1375 dies
1082 1353 1196 1385 magna
1219 1344 1290 1385 Dei,

939 1390 1016 1422 Dies
1041 1394 1168 1424 nostrae
1192 1392 1270 1431 spei,

937 1437 1014 1469 Dies
1039 1439 1168 1478 requiei.

904 1519 911 1525 .
939 1493 1039 1525 Nobis
1065 1495 1162 1528 vitam
1185 1494 1342 1528 infinitam

986 1541 1052 1572 Dat
1071 1550 1147 1574 vera
1170 1542 1370 1581 resurrectio,

938 1588 1006 1619 Ista
1029 1589 1084 1620 lux
1108 1591 1217 1621 nostra
1240 1589 1314 1631 dux,

987 1636 1037 1668 Sit
1059 1636 1144 1667 salus
1169 1637 1201 1666 et
1223 1637 1388 1675 protectio.

941 1682 1067 1715 Christo
1091 1683 1257 1723 sociemur,

940 1729 1100 1762 Christum
1124 1731 1382 1773 contemplemur,

939 1777 1065 1809 Christo
1092 1777 1315 1811 conlaetemur.

275 1852 355 1880 Orat.
375 1860 429 1879 ms.
450 1860 525 1879 saec.
548 1849 591 1879 15.
626 1850 695 1879 Cod.
715 1852 791 1880 Mus.
811 1851 1040 1880 Hildesheimen.
1061 1850 1132 1880 383-
1153 1855 1207 1880 mit
1225 1853 1366 1881 Neumen.

199 2025 228 2057 1.
256 2023 400 2056 Christus
425 2022 503 2054 vicit
527 2022 732 2062 resurgendo,

256 2072 393 2104 Saevum
418 2070 542 2102 hostem
567 2069 781 2110 reprimendo,

302 2117 457 2159 AlleluJa‚
482 2117 634 2157 Alleluja‚

254 2167 316 2209 Ey,
342 2165 483 2197 surrexit
506 2173 564 2197 rex
587 2164 717 2205 gloriae.

196 2226 227 2257 2.
254 2222 351 2264 Quasi
375 2222 425 2254 leo
450 2222 484 2254 in
509 2222 616 2253 triduo

255 2272 353 2304 Vivus
378 2269 466 2302 redit
490 2269 531 2301 de
553 2268 685 2301 tumulo.

301 2317 455 2358 Alleluja,
481 2317 634 2357 Alleluia,

254 2367 316 2408 Ey,
343 2365 483 2398 surrexit
507 2373 563 2397 rex
588 2363 717 2403 gloriae.

820 1953 886 1985 22.

880 2024 910 2056 3.
937 2023 968 2054 A
992 2023 1121 2055 tartaris
1145 2031 1202 2055 nos
1227 2024 1372 2067 redemit,

940 2068 1073 2109 Culpam
1097 2071 1202 2102 Adam
1227 2071 1281 2110 qui
1304 2073 1450 2111 peremit.

986 2117 1137 2159 Alleluja,
1163 2117 1314 2158 AlleluJa,

937 2164 998 2205 Ey,
1023 2165 1162 2197 surrexit
1184 2173 1242 2197 rex
1265 2166 1395 2205 gloriae.

878 2222 911 2253 4.
936 2221 967 2252 A
991 2222 1130 2261 peccatis
1154 2231 1212 2254 nos
1238 2222 1349 2265 abluit,

937 2268 996 2307 Qui
1020 2278 1055 2300 se
1078 2279 1137 2309 pro
1162 2269 1253 2301 nobis
1278 2270 1402 2304 obtulit.

983 2317 1133 2360 Alleluia,
1163 2317 1315 2357 Alleluja,

934 2363 994 2406 Ey,
1021 2366 1158 2397 surrexit
1183 2373 1239 2397 rex
1264 2365 1393 2406 gloriae.
