1653 2566
132 193 151 225 0‘(

667 101 904 137 —41-

156 218 163 225 .
191 192 329 233 Sui-gens
355 202 425 225 cum
448 194 591 239 victoria,
816 200 848 232 6.
873 199 927 230 Ad
952 198 1031 230 coeli
1054 198 1220 240 consortia,

191 239 290 272 Sexta
306 250 429 281 passus
455 242 548 287 feria,
873 246 972 278 Semta
990 253 1109 285 passus
1134 244 1228 287 fcria,

191 286 335 319 Collocat
358 288 392 319 in
414 289 526 331 gloria,
875 292 994 324 Nostra
1017 299 1089 331 spes
1115 294 1147 323 et
1170 291 1271 332 gloria

240 333 325 373 Quos
352 335 483 378 dilexit3
921 339 988 370 Nos
1014 339 1148 378 direxit3

192 380 254 412 Die
279 382 423 414 Christus
447 384 543 416 tertia
875 385 938 417 Die
963 385 1105 417 Christus
1130 386 1225 417 tertia

238 428 435 462 Resurrexit.
923 433 1119 466 Resurrexit.

212 510 296 539 Cant.
318 521 370 539 ms.
390 513 472 540 Petri
492 513 529 541 de
547 514 670 542 Medicis
691 522 766 542 saec.
789 513 831 543 13.
865 516 934 543 Cod.
955 516 1145 543 Laurentian.
1164 516 1210 543 Pl.
1229 514 1274 543 29.
1297 514 1320 543 1.

753 644 821 675 50.

157 744 163 751 .
192 720 227 751 In
254 720 388 752 Domino
412 719 572 761 confidite,
816 723 849 755 4.
874 722 995 754 Terrae
1020 722 1117 754 lutum
1142 722 1293 764 respuite,

190 766 319 799 Pascha
339 777 460 799 novum
482 768 619 811 recolite,
873 769 1002 801 Pascha
1023 778 1144 801 ‘novum
1164 769 1298 809 recolite,

190 814 293 846 Vetus
319 814 509 846 fermentum
532 816 622 847 linite
874 816 969 847 Virus
996 816 1156 856 antiquum
1184 816 1308 853 vomite,

237 860 331 894 Nova
355 862 587 905 conspersione,
924 863 1040 895 Calicis
1065 863 1194 903 potione

193 909 317 941 Pascha
340 918 455 942 novum
480 911 611 942 recolite
874 910 998 942 Pascha
1021 918 1136 943 novum
1159 909 1291 941 recolite

238 956 326 989 Voce
350 959 383 987 et
406 956 539 990 actione.
923 957 1009 988 Voce
1034 958 1066 987 et
1089 957 1221 989 actione.

191 1012 290 1045 Vetus
317 1012 506 1046 fermentum
530 1014 630 1055 linito,
817 1015 849 1046 5.
875 1013 970 1045 Virus
993 1012 1154 1052 antiquum
1179 1013 1304 1055 vomite,

189 1060 320 1092 Pascha
343 1069 464 1092 novum
487 1060 622 1102 recolite,
873 1059 1004 1091 Pascha
1026 1068 1148 1091 novum
1173 1059 1304 1091 recolite.

190 1107 275 1146 Quae
301 1111 375 1139 sunt
397 1107 431 1138 in
454 1107 562 1147 altum,
587 1107 690 1146 sapite
876 1106 1011 1138 Domino
1037 1106 1261 1149 conresurgite,

238 1154 358 1186 Mentis
383 1154 574 1195 intentione;
923 1152 998 1185 Cum
1024 1154 1235 1185 exsultatione

189 1202 314 1234 Pascha
338 1210 453 1233 novum
478 1201 610 1233 recolite
874 1200 997 1233 Pascha
1021 1209 1135 1233 novum
1160 1200 1291 1232 recolite

236 1249 323 1282 Voce
347 1251 380 1279 et
403 1248 537 1281 actione.
923 1247 1006 1279 Voce
1030 1249 1062 1278 et
1085 1247 1219 1279 actione.

188 1304 276 1343 Quae
300 1308 374 1337 sunt
397 1305 431 1336 in
455 1305 564 1345 altuni,
591 1304 703 1344 sapite,
816 1306 846 1337 6.
873 1304 1008 1336 Domino
1034 1304 1258 1343 conresurgste,

187 1352 317 1385 Pascha
339 1361 459 1384 novam
481 1352 617 1393 recolite,
871 1351 1001 1383 Pascha
1020 1359 1139 1383 novam
1161 1350 1298 1390 recolite,

188 1400 308 1431 Terrae
331 1400 431 1431 lutum
456 1400 598 1439 respuite
872 1398 1009 1437 Surgant
1032 1398 1175 1429 membra
1199 1406 1269 1428 cum
1294 1399 1398 1437 capite

236 1446 349 1479 Cordis
375 1446 551 1486 erectione3
918 1444 989 1476 Hac
1013 1445 1262 1483 resurrectione3

188 1494 312 1526 Pascha
335 1503 449 1526 novum
475 1494 606 1525 recolite
871 1492 995 1524 Pascha
1019 1500 1134 1525 novum
1159 1492 1290 1524 recolite

232 1542 320 1575 Voce
345 1544 378 1573 et
400 1541 534 1574 actione.
919 1540 1005 1571 Voce
1030 1541 1062 1570 et
1085 1539 1220 1573 actione.

204 1625 286 1653 Cant.
307 1634 362 1653 ms.
382 1625 462 1653 Petri
484 1624 520 1651 de
539 1625 662 1652 Medicis
683 1632 759 1651 saec.
783 1621 826 1651 13.
863 1623 933 1651 Cod.
953 1623 1144 1651 Laurentian.
1164 1623 1207 1651 Pl.
1227 1620 1274 1651 29.
1297 1621 1322 1649 1.

754 1751 817 1781 51.

126 1833 157 1865 1.
182 1831 253 1863 Rex
280 1830 528 1871 omnipotentiae
814 1831 846 1863 3.
871 1829 909 1861 In
934 1828 1071 1860 humana
1094 1827 1210 1870 specie,

180 1878 408 1919 Triumphavit
431 1877 534 1922 hodic,
869 1875 1097 1915 Triumphavit
1120 1874 1223 1914 hodic,

182 1925 255 1958 Rex
279 1925 538 1966 omnipotentiae,
870 1923 908 1955 In
934 1923 1069 1954 humana
1093 1922 1201 1961 specie

230 1972 301 2005 Rex
324 1970 510 2012 magnificus
919 1969 1025 2002 Patris
1050 1969 1162 2000 unicus

180 2019 406 2060 Triumphavit
429 2018 537 2061 hodie,
871 2016 1094 2055 Triumphavit
1118 2015 1223 2055 hodie,

228 2067 299 2100 Rex
322 2065 486 2107 pacificus,
916 2063 987 2095 Rex
1011 2061 1173 2102 pacificus.

125 2129 157 2162 2.
183 2126 222 2159 In
247 2134 343 2158 manu
368 2122 541 2165 potentiae,
813 2122 844 2153 4.
871 2119 1030 2159 Hymnum
1056 2119 1142 2151 canit
1165 2118 1295 2160 gloriae,

181 2171 412 2214 Triumphavit
435 2169 540 2209 hodic,
870 2166 1101 2210 Triumphavz't
1124 2166 1227 2206 hodie,

181 2222 219 2254 In
244 2229 339 2254 manu
364 2217 528 2260 potentiae
871 2215 1031 2256 Hymnum
1057 2215 1144 2247 canit
1168 2213 1288 2254 gloriae

229 2268 362 2301 Samson
393 2265 527 2298 bellicus
922 2262 1042 2294 Chorus
1069 2262 1215 2301 coelicus,

183 2314 410 2357 Triumphavit
430 2313 537 2356 hodie,
874 2309 1098 2349 Triumphavit
1120 2309 1217 2341 hodie

229 2364 298 2397 Rex
323 2361 486 2404 pacificus.
920 2358 990 2390 Rex
1014 2356 1176 2397 pacificus.
