1653 2564
720 87 956 125 ——27—

184 256 215 289 1.
242 257 427 292 orthodoxe
446 259 601 301 plaudite,

290 305 430 346 Spiritus
453 307 608 339 immundi

242 352 429 393 Expurgate
454 353 573 395 fomite,

290 401 397 440 Atque
421 400 606 432 laetabundi

239 442 315 477 Ἀνὰ
338 445 570 486 Deo'psallite,

290 494 371 532 Quia
393 494 576 526 moribundi

242 541 328 574 Vera
351 539 432 572 fides
457 541 556 581 geniti

289 588 440 628 purgavit
463 587 596 619 crimina
620 589 739 620 mundi.

187 646 218 677 2.
246 644 352 676 Adam
377 652 436 684 per
462 643 626 676 consilium

290 692 447 731 Propriae
473 692 626 724 consortis

243 739 474 781 Transgressus
499 739 667 778 imperium

289 786 387 827 Regis
412 787 526 818 summi
551 784 654 826 fortis,

243 834 298 865 Ad
321 836 464 866 nostrum
490 833 618 865 exitium

290 881 447 913 Fructum
473 881 562 913 dirae
587 881 681 912 sortis

244 928 370 966 Hausit‚
402 937 437 960 eo
464 927 584 959 cunctis

292 976 454 1007 miscendo
479 974 595 1015 pocula
619 974 740 1007 mortis.

186 1033 217 1065 3.
246 1032 390 1064 Christus
415 1034 528 1071 optans
554 1031 681 1062 vincere

293 1079 485 1111 Acherontis
512 1080 623 1111 ducem

242 1127 335 1158 Illius
362 1129 394 1157 et
417 1124 565 1166 frangere

292 1173 492 1207 Pressionem
515 1176 638 1205 trucem

243 1222 352 1261 Atque
371 1220 436 1251 suis
461 1220 598 1252 reddere

293 1267 441 1300 Paradisi
464 1268 576 1307 lucem,

244 1315 369 1347 Probra
392 1315 460 1353 pati
485 1314 595 1353 voluit,

292 1365 394 1402 sputa,
420 1359 556 1401 flagella,
584 1368 718 1393 crucem.

802 191 869 223 24.

862 264 895 296 4.
921 262 1067 302 Quisquis
1091 270 1149 302 per
1173 262 1285 294 exsilia

967 309 1084 341 Mundi
1106 308 1199 348 hujus
1223 310 1298 349 viat,

926 355 1017 387 Omni
1043 356 1241 388 concidentia

971 402 1172 443 Posttergata
1196 404 1284 445 sciat⁷

922 449 1012 488 Quod
1037 449 1156 483 Christi
1181 449 1347 481 clementia

968 495 1081 528 Noxae
1104 497 1218 528 caedes
1240 497 1320 538 piat,

924 542 971 575 Ut
993 552 1096 582 poena
1122 546 1229 575 careat

970 590 1074 631 homo,
1099 599 1197 630 purus
1224 590 1354 622 crimine
1376 589 1442 625 fiat.

866 648 897 679 5.
924 645 949 677 Ο
975 655 1067 685 quam
1090 646 1174 685 frugi
1198 647 1303 686 passio

970 692 1083 724 Nostri
1107 693 1274 725 salvatoris

924 740 974 771 Ac
996 740 1045 771 sui
1071 739 1178 772 effusio

972 786 1064 819 Beati
1089 787 1220 827 cruoris,

924 833 1018 865 Dulci
1045 835 1130 874 qu‘us
1157 834 1260 873 pretio

972 881 1112 913 Humani
1133 881 1295 921 languoris

928 928 1067 960 Vulnera
1092 929 1166 961 dum
1190 931 1291 968 sanat,

974 975 1064 1006 dolor
1089 977 1137 1006 est
1160 976 1285 1007 medela
1311 975 1438 1010 doloris

868 1033 898 1064 6.
922 1031 992 1063 Rex
1016 1034 1121 1064 terrae
1145 1033 1177 1062 et
1200 1032 1337 1064 aetheris

972 1078 1017 1110 Et
1041 1079 1095 1118 qui
1118 1081 1230 1110 cuncta
1254 1079 1345 1119 regit,

927 1125 985 1164 Qui
1009 1134 1068 1165 pro
1092 1125 1183 1157 nobis
1207 1125 1331 1158 miseris

974 1173 1126 1205 occasum
1151 1173 1246 1213 elegit

925 1219 1032 1259 Atque
1054 1228 1161 1260 regem
1186 1221 1315 1252 sceleris

971 1267 1113 1300 Moriens
1137 1266 1270 1307 subegit,

927 1313 1026 1345 Nobis
1051 1314 1199 1354 surrexit,

973 1361 1027 1400 qui
1050 1361 1141 1393 nobis
1166 1363 1287 1393 tartara
1311 1359 1416 1401 fregit.

584 1418 614 1449 7.
642 1417 666 1449 O
694 1416 819 1449 Christe
842 1416 990 1457 propitie,

687 1463 746 1504 Qui
770 1465 844 1495 tuae
868 1473 1038 1504 gravamen

641 1511 780 1543 Visitans
806 1510 946 1543 familiae

687 1559 750 1591 Per
772 1559 883 1590 mortis
909 1567 1039 1590 examen

638 1605 822 1638 Reddidisti
847 1606 966 1646 gloriae

687 1654 847 1685 Aeternae
871 1654 1021 1693 solamen,

640 1700 761 1733 Unicus
785 1700 819 1732 in
844 1701 928 1733 trino

686 1749 730 1780 sis
755 1747 951 1790 benedictUS,
977 1757 1078 1780 amen.

261 1826 330 1854 Cod.
355 1825 482 1853 Parisin.
507 1823 556 1860 (οἱ,
584 1820 820 1859 Sandionysian.)
842 1820 950 1851 15313.
982 1830 1058 1849 naec.
1081 1820 1126 1850 15.
1163 1837 1191 1841 —
1218 1821 1250 1858 4,
1279 1821 1297 1850 3
1325 1822 1394 1850 lies:
1422 1832 1489 1850 con-

183 1865 327 1892 scientia?
347 1878 386 1884 -—
404 1860 432 1897 4,
453 1861 471 1890 6
491 1861 618 1890 scaedes.

188 2076 218 2107 1.
246 2073 386 2106 Corusca
411 2072 486 2104 Sion
510 2069 629 2103 inclitis

293 2119 465 2153 Ornatibus
491 2127 561 2151 cum
586 2118 697 2162 gloria7

243 2167 324 2201 Post
349 2167 476 2205 Christi,
503 2167 550 2198 tui
573 2165 697 2208 capitis,

292 2215 460 2255 Completa
484 2214 565 2246 bene
589 2213 713 2253 proelia

290 2263 433 2298 Reduxit
457 2262 538 2294 mira
562 2261 666 2301 gratia

243 2313 307 2346 Per
331 2311 566 2352 protoplastum
591 2308 727 2348 perditis

291 2360 423 2392 Beata
449 2358 572 2391 nobis
597 2356 762 2396 gaudia.

806 2000 872 2032 25.

868 2072 899 2103 2.
924 2069 1049 2102 Fractis
1074 2069 1201 2110 tyranni
1227 2069 1347 2101 viribus

973 2116 1113 2149 Hostiles
1136 2119 1249 2156 portae
1272 2119 1416 2157 pereunt,

926 2164 978 2197 Ex
1001 2165 1112 2196 mortis
1140 2167 1257 2196 tractos
1283 2163 1428 2196 faucibus

977 2212 1094 2244 Teneri
1117 2212 1197 2243 seris
1221 2213 1390 2252 nequeunt,

974 2260 1089 2300 Erepti
1113 2259 1223 2292 laudes
1249 2259 1395 2299 evehunt,

931 2307 974 2338 Et
998 2315 1068 2339 cum
1092 2307 1238 2346 trophaei
1264 2306 1407 2339 cantibus

976 2354 1133 2387 Vexiila
1157 2354 1262 2395 regis
1283 2355 1490 2395 prodeunt.
