<?xml version="1.0" encoding="UTF-8"?>
<!DOCTYPE html PUBLIC "-//W3C//DTD XHTML 1.0 Transitional//EN"
    "http://www.w3.org/TR/xhtml1/DTD/xhtml1-transitional.dtd">
<html xmlns="http://www.w3.org/1999/xhtml" xml:lang="en" lang="en">
 <head>
  <title>
</title>
<meta http-equiv="Content-Type" content="text/html;charset=utf-8" />
  <meta name='ocr-system' content='tesseract 3.04.00' />
  <meta name='ocr-capabilities' content='ocr_page ocr_carea ocr_par ocr_line ocrx_word'/>
</head>
<body>
  <div class='ocr_page' id='page_1' title='image "./analectahymnica21drevuoft_00024.png"; bbox 0 0 1653 2564; ppageno 0'>
   <div class='ocr_carea' id='block_1_1' title="bbox 0 2006 21 2174">
    <p class='ocr_par' dir='ltr' id='par_1_1' title="bbox 0 2006 21 2174">
     <span class='ocr_line' id='line_1_1' title="bbox 0 2006 21 2174; textangle 90"><span class='ocrx_word' id='word_1_1' title='bbox 0 2006 21 2174; x_wconf 58' lang='lat' dir='ltr'><strong>*ut-*51¹1*</strong></span> 
     </span>
    </p>
   </div>
   <div class='ocr_carea' id='block_1_2' title="bbox 197 1071 215 1101">
    <p class='ocr_par' dir='ltr' id='par_1_2' title="bbox 197 1071 215 1101">
     <span class='ocr_line' id='line_1_2' title="bbox 197 1071 215 1101; textangle 90"><span class='ocrx_word' id='word_1_2' title='bbox 197 1071 215 1101; x_wconf 55' lang='lat'><strong>(51</strong></span> 
     </span>
    </p>
   </div>
   <div class='ocr_carea' id='block_1_3' title="bbox 727 107 960 146">
    <p class='ocr_par' dir='ltr' id='par_1_3' title="bbox 727 107 960 146">
     <span class='ocr_line' id='line_1_3' title="bbox 727 107 960 146; baseline 0.004 -11"><span class='ocrx_word' id='word_1_3' title='bbox 727 107 960 146; x_wconf 62' lang='lat'><strong>⁴„21-.</strong></span> 
     </span>
    </p>
   </div>
   <div class='ocr_carea' id='block_1_4' title="bbox 171 199 641 252">
    <p class='ocr_par' dir='ltr' id='par_1_4' title="bbox 171 199 641 252">
     <span class='ocr_line' id='line_1_4' title="bbox 171 199 641 252; baseline 0.004 -16"><span class='ocrx_word' id='word_1_4' title='bbox 171 243 180 252; x_wconf 39' lang='lat'><em>*</em></span> <span class='ocrx_word' id='word_1_5' title='bbox 219 229 227 236; x_wconf 79' lang='lat'><strong>.</strong></span> <span class='ocrx_word' id='word_1_6' title='bbox 254 199 300 236; x_wconf 83' lang='lat' dir='ltr'><strong>Te</strong></span> <span class='ocrx_word' id='word_1_7' title='bbox 324 211 450 237; x_wconf 85' lang='lat' dir='ltr'><strong>reorum</strong></span> <span class='ocrx_word' id='word_1_8' title='bbox 474 204 641 247; x_wconf 77' lang='lat' dir='ltr'><strong>suppliciis</strong></span> 
     </span>
    </p>
   </div>
   <div class='ocr_carea' id='block_1_5' title="bbox 253 252 725 614">
    <p class='ocr_par' dir='ltr' id='par_1_5' title="bbox 253 252 725 614">
     <span class='ocr_line' id='line_1_5' title="bbox 254 252 640 293; baseline 0.005 -10"><span class='ocrx_word' id='word_1_9' title='bbox 254 252 301 283; x_wconf 86' lang='lat' dir='ltr'><strong>Te</strong></span> <span class='ocrx_word' id='word_1_10' title='bbox 327 252 491 293; x_wconf 84' lang='lat' dir='ltr'><strong>culparum</strong></span> <span class='ocrx_word' id='word_1_11' title='bbox 512 252 640 293; x_wconf 81' lang='lat' dir='ltr'><strong>flagitiis</strong></span> 
     </span>
     <span class='ocr_line' id='line_1_6' title="bbox 301 300 636 340; baseline 0.006 -9"><span class='ocrx_word' id='word_1_12' title='bbox 301 300 471 333; x_wconf 83' lang='lat' dir='ltr'><strong>Ordinavit</strong></span> <span class='ocrx_word' id='word_1_13' title='bbox 492 301 636 340; x_wconf 69' lang='lat' dir='ltr'><strong>justitia,</strong></span> 
     </span>
     <span class='ocr_line' id='line_1_7' title="bbox 254 346 697 388; baseline 0 -9"><span class='ocrx_word' id='word_1_14' title='bbox 254 346 318 379; x_wconf 92' lang='lat' dir='ltr'><strong>Cur</strong></span> <span class='ocrx_word' id='word_1_15' title='bbox 342 355 416 386; x_wconf 87' lang='lat' dir='ltr'><strong>ergo</strong></span> <span class='ocrx_word' id='word_1_16' title='bbox 436 348 557 386; x_wconf 71' lang='lat' dir='ltr'><strong>¹iustum</strong></span> <span class='ocrx_word' id='word_1_17' title='bbox 581 348 697 388; x_wconf 84' lang='lat' dir='ltr'><strong>impiis,</strong></span> 
     </span>
     <span class='ocr_line' id='line_1_8' title="bbox 256 392 700 427; baseline 0.002 -2"><span class='ocrx_word' id='word_1_18' title='bbox 256 392 320 425; x_wconf 86' lang='lat' dir='ltr'><strong>Cur</strong></span> <span class='ocrx_word' id='word_1_19' title='bbox 344 394 494 425; x_wconf 82' lang='lat' dir='ltr'><strong>virtutem</strong></span> <span class='ocrx_word' id='word_1_20' title='bbox 520 403 590 426; x_wconf 88' lang='lat' dir='ltr'><strong>cum</strong></span> <span class='ocrx_word' id='word_1_21' title='bbox 614 395 700 427; x_wconf 88' lang='lat' dir='ltr'><strong>vitiis</strong></span> 
     </span>
     <span class='ocr_line' id='line_1_9' title="bbox 303 440 636 481; baseline 0 -8"><span class='ocrx_word' id='word_1_22' title='bbox 303 440 442 473; x_wconf 81' lang='lat' dir='ltr'><strong>sociavit</strong></span> <span class='ocrx_word' id='word_1_23' title='bbox 470 442 636 481; x_wconf 67' lang='lat' dir='ltr'><strong>nequitia?</strong></span> 
     </span>
     <span class='ocr_line' id='line_1_10' title="bbox 253 487 725 530; baseline 0.004 -11"><span class='ocrx_word' id='word_1_24' title='bbox 253 487 414 520; x_wconf 83' lang='lat' dir='ltr'><strong>Redditur</strong></span> <span class='ocrx_word' id='word_1_25' title='bbox 438 497 541 528; x_wconf 87' lang='lat' dir='ltr'><strong>poena</strong></span> <span class='ocrx_word' id='word_1_26' title='bbox 564 489 725 530; x_wconf 83' lang='lat' dir='ltr'><strong>praemiis,</strong></span> 
     </span>
     <span class='ocr_line' id='line_1_11' title="bbox 255 534 575 577; baseline 0 -11"><span class='ocrx_word' id='word_1_27' title='bbox 255 534 381 566; x_wconf 83' lang='lat' dir='ltr'><strong>Offensa</strong></span> <span class='ocrx_word' id='word_1_28' title='bbox 405 534 575 577; x_wconf 88' lang='lat' dir='ltr'><strong>benefieiis,</strong></span> 
     </span>
     <span class='ocr_line' id='line_1_12' title="bbox 303 581 666 614; baseline 0 0"><span class='ocrx_word' id='word_1_29' title='bbox 303 583 424 614; x_wconf 86' lang='lat' dir='ltr'><strong>Honori</strong></span> <span class='ocrx_word' id='word_1_30' title='bbox 450 581 666 614; x_wconf 74' lang='lat' dir='ltr'><strong>contumelia?</strong></span> 
     </span>
    </p>
   </div>
   <div class='ocr_carea' id='block_1_6' title="bbox 254 637 756 1053">
    <p class='ocr_par' dir='ltr' id='par_1_6' title="bbox 254 637 756 1053">
     <span class='ocr_line' id='line_1_13' title="bbox 254 637 689 680; baseline 0.002 -12"><span class='ocrx_word' id='word_1_31' title='bbox 254 637 330 669; x_wconf 85' lang='lat' dir='ltr'><strong>Reis</strong></span> <span class='ocrx_word' id='word_1_32' title='bbox 353 637 385 669; x_wconf 91' lang='lat' dir='ltr'><strong>in</strong></span> <span class='ocrx_word' id='word_1_33' title='bbox 410 640 443 669; x_wconf 88' lang='lat' dir='ltr'><strong>te</strong></span> <span class='ocrx_word' id='word_1_34' title='bbox 467 638 689 680; x_wconf 86' lang='lat' dir='ltr'><strong>pendentibus,</strong></span> 
     </span>
     <span class='ocr_line' id='line_1_14' title="bbox 255 684 647 725; baseline 0.005 -10"><span class='ocrx_word' id='word_1_35' title='bbox 255 684 444 725; x_wconf 87' lang='lat' dir='ltr'><strong>Homicidis,</strong></span> <span class='ocrx_word' id='word_1_36' title='bbox 469 685 647 717; x_wconf 74' lang='lat' dir='ltr'><strong>latronibus</strong></span> 
     </span>
     <span class='ocr_line' id='line_1_15' title="bbox 303 729 648 772; baseline 0.006 -10"><span class='ocrx_word' id='word_1_37' title='bbox 303 729 429 763; x_wconf 84' lang='lat' dir='ltr'><strong>Inflicta</strong></span> <span class='ocrx_word' id='word_1_38' title='bbox 455 732 648 772; x_wconf 83' lang='lat' dir='ltr'><strong>maledictio,</strong></span> 
     </span>
     <span class='ocr_line' id='line_1_16' title="bbox 255 779 673 819; baseline 0 -8"><span class='ocrx_word' id='word_1_39' title='bbox 255 779 346 811; x_wconf 78' lang='lat' dir='ltr'><strong>Justo</strong></span> <span class='ocrx_word' id='word_1_40' title='bbox 373 779 466 818; x_wconf 86' lang='lat' dir='ltr'><strong>pleno</strong></span> <span class='ocrx_word' id='word_1_41' title='bbox 492 779 673 819; x_wconf 79' lang='lat' dir='ltr'><strong>virtutihuS,</strong></span> 
     </span>
     <span class='ocr_line' id='line_1_17' title="bbox 256 825 643 857; baseline -0.003 0"><span class='ocrx_word' id='word_1_42' title='bbox 256 825 374 857; x_wconf 83' lang='lat' dir='ltr'><strong>Ornato</strong></span> <span class='ocrx_word' id='word_1_43' title='bbox 401 825 643 857; x_wconf 77' lang='lat' dir='ltr'><strong>charismatibus</strong></span> 
     </span>
     <span class='ocr_line' id='line_1_18' title="bbox 302 872 666 913; baseline 0 -9"><span class='ocrx_word' id='word_1_44' title='bbox 302 872 446 904; x_wconf 80' lang='lat' dir='ltr'><strong>Debetur</strong></span> <span class='ocrx_word' id='word_1_45' title='bbox 469 872 666 913; x_wconf 65' lang='lat' dir='ltr'><strong>benedictio,</strong></span> 
     </span>
     <span class='ocr_line' id='line_1_19' title="bbox 255 919 756 959; baseline 0.002 -8"><span class='ocrx_word' id='word_1_46' title='bbox 255 919 343 959; x_wconf 87' lang='lat' dir='ltr'><strong>Ergo</strong></span> <span class='ocrx_word' id='word_1_47' title='bbox 371 920 447 959; x_wconf 89' lang='lat' dir='ltr'><strong>quid</strong></span> <span class='ocrx_word' id='word_1_48' title='bbox 472 919 514 951; x_wconf 81' lang='lat' dir='ltr'><strong>ad</strong></span> <span class='ocrx_word' id='word_1_49' title='bbox 538 922 570 950; x_wconf 86' lang='lat' dir='ltr'><strong>te</strong></span> <span class='ocrx_word' id='word_1_50' title='bbox 592 919 730 959; x_wconf 84' lang='lat' dir='ltr'><strong>pertinet</strong></span> <span class='ocrx_word' id='word_1_51' title='bbox 741 920 756 951; x_wconf 81' lang='grc'><em>“.-“</em></span> 
     </span>
     <span class='ocr_line' id='line_1_20' title="bbox 255 966 734 1007; baseline -0.002 -8"><span class='ocrx_word' id='word_1_52' title='bbox 255 966 320 999; x_wconf 89' lang='lat' dir='ltr'><strong>Cur</strong></span> <span class='ocrx_word' id='word_1_53' title='bbox 344 966 410 998; x_wconf 88' lang='lat' dir='ltr'><strong>vita</strong></span> <span class='ocrx_word' id='word_1_54' title='bbox 433 969 566 998; x_wconf 88' lang='lat' dir='ltr'><strong>mortem</strong></span> <span class='ocrx_word' id='word_1_55' title='bbox 590 966 734 1007; x_wconf 88' lang='lat' dir='ltr'><strong>sustinet,</strong></span> 
     </span>
     <span class='ocr_line' id='line_1_21' title="bbox 303 1012 686 1053; baseline 0 -9"><span class='ocrx_word' id='word_1_56' title='bbox 303 1012 440 1045; x_wconf 85' lang='lat' dir='ltr'><strong>Habitus</strong></span> <span class='ocrx_word' id='word_1_57' title='bbox 465 1012 502 1044; x_wconf 87' lang='lat' dir='ltr'><strong>fit</strong></span> <span class='ocrx_word' id='word_1_58' title='bbox 524 1013 686 1053; x_wconf 72' lang='lat' dir='ltr'><strong>privatio?</strong></span> 
     </span>
    </p>
   </div>
   <div class='ocr_carea' id='block_1_7' title="bbox 222 1069 659 1109">
    <p class='ocr_par' dir='ltr' id='par_1_7' title="bbox 222 1069 659 1109">
     <span class='ocr_line' id='line_1_22' title="bbox 222 1069 659 1109; baseline 0.005 -10"><span class='ocrx_word' id='word_1_59' title='bbox 222 1097 228 1103; x_wconf 91' lang='grc'><strong>,</strong></span> <span class='ocrx_word' id='word_1_60' title='bbox 256 1069 362 1109; x_wconf 82' lang='lat' dir='ltr'><strong>Virgo,</strong></span> <span class='ocrx_word' id='word_1_61' title='bbox 387 1069 445 1100; x_wconf 86' lang='lat' dir='ltr'><strong>tibi</strong></span> <span class='ocrx_word' id='word_1_62' title='bbox 471 1070 659 1109; x_wconf 77' lang='lat' dir='ltr'><strong>respondeo,</strong></span> 
     </span>
    </p>
   </div>
   <div class='ocr_carea' id='block_1_8' title="bbox 253 1116 778 1487">
    <p class='ocr_par' dir='ltr' id='par_1_8' title="bbox 254 1116 778 1203">
     <span class='ocr_line' id='line_1_23' title="bbox 254 1116 662 1156; baseline -0.002 -9"><span class='ocrx_word' id='word_1_63' title='bbox 254 1116 337 1156; x_wconf 85' lang='lat' dir='ltr'><strong>Tibi,</strong></span> <span class='ocrx_word' id='word_1_64' title='bbox 364 1116 414 1147; x_wconf 90' lang='lat' dir='ltr'><strong>cui</strong></span> <span class='ocrx_word' id='word_1_65' title='bbox 438 1118 538 1147; x_wconf 87' lang='lat' dir='ltr'><strong>totum</strong></span> <span class='ocrx_word' id='word_1_66' title='bbox 564 1116 662 1148; x_wconf 84' lang='lat' dir='ltr'><strong>debeo</strong></span> 
     </span>
     <span class='ocr_line' id='line_1_24' title="bbox 302 1163 778 1203; baseline -0.002 -9"><span class='ocrx_word' id='word_1_67' title='bbox 302 1163 447 1194; x_wconf 73' lang='lat' dir='ltr'><strong>Meo-rum</strong></span> <span class='ocrx_word' id='word_1_68' title='bbox 473 1164 571 1194; x_wconf 83' lang='lat' dir='ltr'><strong>decus</strong></span> <span class='ocrx_word' id='word_1_69' title='bbox 595 1163 778 1203; x_wconf 69' lang='lat' dir='ltr'><strong>palmitum,</strong></span> 
     </span>
    </p>

    <p class='ocr_par' dir='ltr' id='par_1_9' title="bbox 253 1208 620 1249">
     <span class='ocr_line' id='line_1_25' title="bbox 253 1208 620 1249; baseline 0 -8"><span class='ocrx_word' id='word_1_70' title='bbox 253 1209 303 1242; x_wconf 91' lang='lat' dir='ltr'><strong>De</strong></span> <span class='ocrx_word' id='word_1_71' title='bbox 327 1213 380 1241; x_wconf 83' lang='lat' dir='ltr'><strong>tuo</strong></span> <span class='ocrx_word' id='word_1_72' title='bbox 405 1208 483 1241; x_wconf 86' lang='lat' dir='ltr'><strong>flore</strong></span> <span class='ocrx_word' id='word_1_73' title='bbox 505 1209 620 1249; x_wconf 83' lang='lat' dir='ltr'><strong>fulgeo,</strong></span> 
     </span>
    </p>

    <p class='ocr_par' dir='ltr' id='par_1_10' title="bbox 255 1255 691 1346">
     <span class='ocr_line' id='line_1_26' title="bbox 255 1255 659 1296; baseline 0 -8"><span class='ocrx_word' id='word_1_74' title='bbox 255 1256 303 1289; x_wconf 89' lang='lat' dir='ltr'><strong>De</strong></span> <span class='ocrx_word' id='word_1_75' title='bbox 327 1259 381 1288; x_wconf 84' lang='lat' dir='ltr'><strong>tuo</strong></span> <span class='ocrx_word' id='word_1_76' title='bbox 407 1255 514 1288; x_wconf 87' lang='lat' dir='ltr'><strong>fructu</strong></span> <span class='ocrx_word' id='word_1_77' title='bbox 538 1257 659 1296; x_wconf 81' lang='lat' dir='ltr'><strong>gaudeo</strong></span> 
     </span>
     <span class='ocr_line' id='line_1_27' title="bbox 301 1303 691 1346; baseline -0.003 -11"><span class='ocrx_word' id='word_1_78' title='bbox 301 1303 480 1335; x_wconf 85' lang='lat' dir='ltr'><strong>Redditura</strong></span> <span class='ocrx_word' id='word_1_79' title='bbox 505 1304 691 1346; x_wconf 87' lang='lat' dir='ltr'><strong>depositum,</strong></span> 
     </span>
    </p>

    <p class='ocr_par' dir='ltr' id='par_1_11' title="bbox 254 1349 678 1392">
     <span class='ocr_line' id='line_1_28' title="bbox 254 1349 678 1392; baseline 0.002 -11"><span class='ocrx_word' id='word_1_80' title='bbox 254 1349 357 1382; x_wconf 85' lang='lat' dir='ltr'><strong>Dulce</strong></span> <span class='ocrx_word' id='word_1_81' title='bbox 380 1350 505 1389; x_wconf 89' lang='lat' dir='ltr'><strong>pondus</strong></span> <span class='ocrx_word' id='word_1_82' title='bbox 528 1351 678 1392; x_wconf 84' lang='lat' dir='ltr'><strong>sustineo,</strong></span> 
     </span>
    </p>

    <p class='ocr_par' dir='ltr' id='par_1_12' title="bbox 256 1396 776 1487">
     <span class='ocr_line' id='line_1_29' title="bbox 256 1396 733 1438; baseline 0.002 -9"><span class='ocrx_word' id='word_1_83' title='bbox 256 1396 390 1429; x_wconf 86' lang='lat' dir='ltr'><strong>Duleem</strong></span> <span class='ocrx_word' id='word_1_84' title='bbox 415 1396 551 1428; x_wconf 85' lang='lat' dir='ltr'><strong>fructum</strong></span> <span class='ocrx_word' id='word_1_85' title='bbox 574 1397 733 1438; x_wconf 85' lang='lat' dir='ltr'><strong>possideo,</strong></span> 
     </span>
     <span class='ocr_line' id='line_1_30' title="bbox 301 1444 776 1487; baseline 0 -11"><span class='ocrx_word' id='word_1_86' title='bbox 301 1444 435 1487; x_wconf 84' lang='lat' dir='ltr'><strong>Mundo,</strong></span> <span class='ocrx_word' id='word_1_87' title='bbox 458 1453 523 1475; x_wconf 89' lang='lat' dir='ltr'><strong>non</strong></span> <span class='ocrx_word' id='word_1_88' title='bbox 544 1444 605 1475; x_wconf 89' lang='lat' dir='ltr'><strong>tibi</strong></span> <span class='ocrx_word' id='word_1_89' title='bbox 626 1445 776 1484; x_wconf 81' lang='lat' dir='ltr'><strong>genitum.</strong></span> 
     </span>
    </p>
   </div>
   <div class='ocr_carea' id='block_1_9' title="bbox 221 1501 765 1545">
    <p class='ocr_par' dir='ltr' id='par_1_13' title="bbox 221 1501 765 1545">
     <span class='ocr_line' id='line_1_31' title="bbox 221 1501 765 1545; baseline 0 -12"><span class='ocrx_word' id='word_1_90' title='bbox 221 1527 228 1533; x_wconf 94' lang='lat'><strong>.</strong></span> <span class='ocrx_word' id='word_1_91' title='bbox 256 1501 374 1540; x_wconf 80' lang='lat' dir='ltr'><strong>Quodsi</strong></span> <span class='ocrx_word' id='word_1_92' title='bbox 399 1502 529 1533; x_wconf 83' lang='lat' dir='ltr'><strong>mortem</strong></span> <span class='ocrx_word' id='word_1_93' title='bbox 556 1509 617 1532; x_wconf 89' lang='lat' dir='ltr'><strong>non</strong></span> <span class='ocrx_word' id='word_1_94' title='bbox 642 1501 765 1545; x_wconf 88' lang='lat' dir='ltr'><strong>meruit,</strong></span> 
     </span>
    </p>
   </div>
   <div class='ocr_carea' id='block_1_10' title="bbox 254 1547 804 1918">
    <p class='ocr_par' dir='ltr' id='par_1_14' title="bbox 254 1547 698 1589">
     <span class='ocr_line' id='line_1_32' title="bbox 254 1547 698 1589; baseline 0 -11"><span class='ocrx_word' id='word_1_95' title='bbox 254 1548 347 1589; x_wconf 75' lang='lat' dir='ltr'><strong>Quid,</strong></span> <span class='ocrx_word' id='word_1_96' title='bbox 373 1548 402 1578; x_wconf 89' lang='lat' dir='ltr'><strong>si</strong></span> <span class='ocrx_word' id='word_1_97' title='bbox 424 1548 507 1579; x_wconf 83' lang='lat' dir='ltr'><strong>mori</strong></span> <span class='ocrx_word' id='word_1_98' title='bbox 532 1547 698 1587; x_wconf 82' lang='lat' dir='ltr'><strong>disposuit,</strong></span> 
     </span>
    </p>

    <p class='ocr_par' dir='ltr' id='par_1_15' title="bbox 255 1595 804 1730">
     <span class='ocr_line' id='line_1_33' title="bbox 303 1595 804 1627; baseline 0 0"><span class='ocrx_word' id='word_1_99' title='bbox 303 1595 347 1627; x_wconf 91' lang='lat' dir='ltr'><strong>Ut</strong></span> <span class='ocrx_word' id='word_1_100' title='bbox 371 1598 473 1626; x_wconf 88' lang='lat' dir='ltr'><strong>morte</strong></span> <span class='ocrx_word' id='word_1_101' title='bbox 497 1598 630 1626; x_wconf 86' lang='lat' dir='ltr'><strong>mortem</strong></span> <span class='ocrx_word' id='word_1_102' title='bbox 654 1595 804 1627; x_wconf 70' lang='lat' dir='ltr'><strong>tolleret?</strong></span> 
     </span>
     <span class='ocr_line' id='line_1_34' title="bbox 258 1641 682 1683; baseline -0.002 -9"><span class='ocrx_word' id='word_1_103' title='bbox 258 1641 391 1682; x_wconf 82' lang='lat' dir='ltr'><strong>Lignum</strong></span> <span class='ocrx_word' id='word_1_104' title='bbox 414 1642 500 1683; x_wconf 84' lang='lat' dir='ltr'><strong>ligno</strong></span> <span class='ocrx_word' id='word_1_105' title='bbox 523 1642 682 1682; x_wconf 85' lang='lat' dir='ltr'><strong>opposuit,</strong></span> 
     </span>
     <span class='ocr_line' id='line_1_35' title="bbox 255 1688 801 1730; baseline 0 -9"><span class='ocrx_word' id='word_1_106' title='bbox 255 1688 367 1729; x_wconf 87' lang='lat' dir='ltr'><strong>Solvit,</strong></span> <span class='ocrx_word' id='word_1_107' title='bbox 393 1689 478 1728; x_wconf 82' lang='lat' dir='ltr'><strong>quod</strong></span> <span class='ocrx_word' id='word_1_108' title='bbox 503 1698 659 1728; x_wconf 83' lang='lat' dir='ltr'><strong>nunquam</strong></span> <span class='ocrx_word' id='word_1_109' title='bbox 685 1693 801 1730; x_wconf 80' lang='lat' dir='ltr'><strong>rapuit,</strong></span> 
     </span>
    </p>

    <p class='ocr_par' dir='ltr' id='par_1_16' title="bbox 254 1736 685 1823">
     <span class='ocr_line' id='line_1_36' title="bbox 301 1736 685 1777; baseline -0.003 -8"><span class='ocrx_word' id='word_1_110' title='bbox 301 1736 348 1769; x_wconf 86' lang='lat' dir='ltr'><strong>Ut</strong></span> <span class='ocrx_word' id='word_1_111' title='bbox 370 1736 530 1768; x_wconf 80' lang='lat' dir='ltr'><strong>debitores</strong></span> <span class='ocrx_word' id='word_1_112' title='bbox 554 1736 685 1777; x_wconf 81' lang='lat' dir='ltr'><strong>liberet3</strong></span> 
     </span>
     <span class='ocr_line' id='line_1_37' title="bbox 254 1783 662 1823; baseline 0 -8"><span class='ocrx_word' id='word_1_113' title='bbox 254 1784 291 1815; x_wconf 91' lang='lat' dir='ltr'><strong>In</strong></span> <span class='ocrx_word' id='word_1_114' title='bbox 316 1783 421 1816; x_wconf 84' lang='lat' dir='ltr'><strong>Adam</strong></span> <span class='ocrx_word' id='word_1_115' title='bbox 444 1784 510 1816; x_wconf 82' lang='lat' dir='ltr'><strong>vita</strong></span> <span class='ocrx_word' id='word_1_116' title='bbox 535 1785 662 1823; x_wconf 85' lang='lat' dir='ltr'><strong>corruit,</strong></span> 
     </span>
    </p>

    <p class='ocr_par' dir='ltr' id='par_1_17' title="bbox 254 1830 706 1871">
     <span class='ocr_line' id='line_1_38' title="bbox 254 1830 706 1871; baseline 0 -10"><span class='ocrx_word' id='word_1_117' title='bbox 254 1833 354 1869; x_wconf 74' lang='lat' dir='ltr'><strong>Quam</strong></span> <span class='ocrx_word' id='word_1_118' title='bbox 379 1830 537 1863; x_wconf 83' lang='lat' dir='ltr'><strong>secundus</strong></span> <span class='ocrx_word' id='word_1_119' title='bbox 557 1831 706 1871; x_wconf 80' lang='lat' dir='ltr'><strong>restituit,</strong></span> 
     </span>
    </p>

    <p class='ocr_par' dir='ltr' id='par_1_18' title="bbox 303 1878 755 1918">
     <span class='ocr_line' id='line_1_39' title="bbox 303 1878 755 1918; baseline -0.002 -6"><span class='ocrx_word' id='word_1_120' title='bbox 303 1879 348 1912; x_wconf 88' lang='lat' dir='ltr'><strong>Ut</strong></span> <span class='ocrx_word' id='word_1_121' title='bbox 373 1878 438 1910; x_wconf 86' lang='lat' dir='ltr'><strong>vita</strong></span> <span class='ocrx_word' id='word_1_122' title='bbox 459 1881 592 1910; x_wconf 84' lang='lat' dir='ltr'><strong>mortem</strong></span> <span class='ocrx_word' id='word_1_123' title='bbox 617 1882 755 1918; x_wconf 89' lang='lat' dir='ltr'><strong>superet.</strong></span> 
     </span>
    </p>
   </div>
   <div class='ocr_carea' id='block_1_11' title="bbox 889 207 920 241">
    <p class='ocr_par' dir='ltr' id='par_1_19' title="bbox 889 207 920 241">
     <span class='ocr_line' id='line_1_40' title="bbox 889 207 920 241; baseline -0.065 0"><span class='ocrx_word' id='word_1_124' title='bbox 889 207 920 241; x_wconf 88' lang='lat'><strong>7.</strong></span> 
     </span>
    </p>
   </div>
   <div class='ocr_carea' id='block_1_12' title="bbox 888 1072 919 1103">
    <p class='ocr_par' dir='ltr' id='par_1_20' title="bbox 888 1072 919 1103">
     <span class='ocr_line' id='line_1_41' title="bbox 888 1072 919 1103; baseline -0.032 0"><span class='ocrx_word' id='word_1_125' title='bbox 888 1072 919 1103; x_wconf 76' lang='lat'><strong>9.</strong></span> 
     </span>
    </p>
   </div>
   <div class='ocr_carea' id='block_1_13' title="bbox 871 1503 926 1536">
    <p class='ocr_par' dir='ltr' id='par_1_21' title="bbox 871 1503 926 1536">
     <span class='ocr_line' id='line_1_42' title="bbox 871 1503 926 1536; baseline 0.018 -1"><span class='ocrx_word' id='word_1_126' title='bbox 871 1503 926 1536; x_wconf 90' lang='lat'><strong>10.</strong></span> 
     </span>
    </p>
   </div>
   <div class='ocr_carea' id='block_1_14' title="bbox 933 205 1495 627">
    <p class='ocr_par' dir='ltr' id='par_1_22' title="bbox 934 205 1410 301">
     <span class='ocr_line' id='line_1_43' title="bbox 934 205 1410 252; baseline 0.008 -13"><span class='ocrx_word' id='word_1_127' title='bbox 934 205 1048 240; x_wconf 82' lang='lat' dir='ltr'><strong>Ulmus</strong></span> <span class='ocrx_word' id='word_1_128' title='bbox 1072 214 1165 242; x_wconf 82' lang='lat' dir='ltr'><strong>uvam</strong></span> <span class='ocrx_word' id='word_1_129' title='bbox 1188 218 1252 242; x_wconf 83' lang='lat' dir='ltr'><strong>non</strong></span> <span class='ocrx_word' id='word_1_130' title='bbox 1275 210 1410 252; x_wconf 84' lang='lat' dir='ltr'><strong>peperit,</strong></span> 
     </span>
     <span class='ocr_line' id='line_1_44' title="bbox 934 255 1386 301; baseline 0.009 -15"><span class='ocrx_word' id='word_1_131' title='bbox 934 255 1016 294; x_wconf 82' lang='lat' dir='ltr'><strong>Quid</strong></span> <span class='ocrx_word' id='word_1_132' title='bbox 1042 259 1145 288; x_wconf 85' lang='lat' dir='ltr'><strong>tamen</strong></span> <span class='ocrx_word' id='word_1_133' title='bbox 1170 256 1228 290; x_wconf 90' lang='lat' dir='ltr'><strong>viti</strong></span> <span class='ocrx_word' id='word_1_134' title='bbox 1253 259 1386 301; x_wconf 87' lang='lat' dir='ltr'><strong>deperit,</strong></span> 
     </span>
    </p>

    <p class='ocr_par' dir='ltr' id='par_1_23' title="bbox 934 303 1494 441">
     <span class='ocr_line' id='line_1_45' title="bbox 981 303 1494 342; baseline 0.01 -9"><span class='ocrx_word' id='word_1_135' title='bbox 981 303 1071 342; x_wconf 75' lang='lat' dir='ltr'><strong>Quod</strong></span> <span class='ocrx_word' id='word_1_136' title='bbox 1096 304 1197 336; x_wconf 87' lang='lat' dir='ltr'><strong>ulmus</strong></span> <span class='ocrx_word' id='word_1_137' title='bbox 1219 314 1313 338; x_wconf 84' lang='lat' dir='ltr'><strong>uvam</strong></span> <span class='ocrx_word' id='word_1_138' title='bbox 1337 305 1494 338; x_wconf 77' lang='lat' dir='ltr'><strong>sustinet?</strong></span> 
     </span>
     <span class='ocr_line' id='line_1_46' title="bbox 934 348 1410 392; baseline 0.008 -13"><span class='ocrx_word' id='word_1_139' title='bbox 934 348 1086 382; x_wconf 83' lang='lat' dir='ltr'><strong>Fructum</strong></span> <span class='ocrx_word' id='word_1_140' title='bbox 1112 354 1197 382; x_wconf 89' lang='lat' dir='ltr'><strong>tuum</strong></span> <span class='ocrx_word' id='word_1_141' title='bbox 1223 361 1284 384; x_wconf 88' lang='lat' dir='ltr'><strong>non</strong></span> <span class='ocrx_word' id='word_1_142' title='bbox 1308 353 1410 392; x_wconf 88' lang='lat' dir='ltr'><strong>genui,</strong></span> 
     </span>
     <span class='ocr_line' id='line_1_47' title="bbox 936 395 1388 441; baseline 0.009 -14"><span class='ocrx_word' id='word_1_143' title='bbox 936 395 998 428; x_wconf 85' lang='lat' dir='ltr'><strong>Sed</strong></span> <span class='ocrx_word' id='word_1_144' title='bbox 1023 397 1162 430; x_wconf 82' lang='lat' dir='ltr'><strong>oblatum</strong></span> <span class='ocrx_word' id='word_1_145' title='bbox 1185 407 1248 430; x_wconf 86' lang='lat' dir='ltr'><strong>non</strong></span> <span class='ocrx_word' id='word_1_146' title='bbox 1270 401 1388 441; x_wconf 81' lang='lat' dir='ltr'><strong>respui,</strong></span> 
     </span>
    </p>

    <p class='ocr_par' dir='ltr' id='par_1_24' title="bbox 933 442 1495 579">
     <span class='ocr_line' id='line_1_48' title="bbox 984 442 1495 486; baseline 0.01 -12"><span class='ocrx_word' id='word_1_147' title='bbox 984 442 1034 474; x_wconf 88' lang='lat' dir='ltr'><strong>Ne</strong></span> <span class='ocrx_word' id='word_1_148' title='bbox 1058 452 1159 483; x_wconf 86' lang='lat' dir='ltr'><strong>poena</strong></span> <span class='ocrx_word' id='word_1_149' title='bbox 1182 446 1305 485; x_wconf 87' lang='lat' dir='ltr'><strong>culpam</strong></span> <span class='ocrx_word' id='word_1_150' title='bbox 1331 447 1495 486; x_wconf 82' lang='lat' dir='ltr'><strong>terminet3</strong></span> 
     </span>
     <span class='ocr_line' id='line_1_49' title="bbox 933 491 1335 533; baseline 0.012 -13"><span class='ocrx_word' id='word_1_151' title='bbox 933 491 965 521; x_wconf 91' lang='lat' dir='ltr'>A</span> <span class='ocrx_word' id='word_1_152' title='bbox 989 494 1021 521; x_wconf 89' lang='lat' dir='ltr'><strong>te</strong></span> <span class='ocrx_word' id='word_1_153' title='bbox 1045 492 1209 524; x_wconf 86' lang='lat' dir='ltr'><strong>mortalem</strong></span> <span class='ocrx_word' id='word_1_154' title='bbox 1231 492 1335 533; x_wconf 84' lang='lat' dir='ltr'><strong>habui,</strong></span> 
     </span>
     <span class='ocr_line' id='line_1_50' title="bbox 939 537 1309 579; baseline 0.011 -12"><span class='ocrx_word' id='word_1_155' title='bbox 939 537 1149 569; x_wconf 85' lang='lat' dir='ltr'><strong>Immortalem</strong></span> <span class='ocrx_word' id='word_1_156' title='bbox 1174 540 1309 579; x_wconf 88' lang='lat' dir='ltr'><strong>restitui,</strong></span> 
     </span>
    </p>

    <p class='ocr_par' dir='ltr' id='par_1_25' title="bbox 982 584 1495 627">
     <span class='ocr_line' id='line_1_51' title="bbox 982 584 1495 627; baseline 0.006 -11"><span class='ocrx_word' id='word_1_157' title='bbox 982 584 1027 616; x_wconf 85' lang='lat' dir='ltr'><strong>Ut</strong></span> <span class='ocrx_word' id='word_1_158' title='bbox 1049 594 1132 616; x_wconf 88' lang='lat' dir='ltr'><strong>mors</strong></span> <span class='ocrx_word' id='word_1_159' title='bbox 1154 586 1190 617; x_wconf 86' lang='lat' dir='ltr'><strong>in</strong></span> <span class='ocrx_word' id='word_1_160' title='bbox 1213 586 1312 618; x_wconf 76' lang='lat' dir='ltr'><strong>vitam</strong></span> <span class='ocrx_word' id='word_1_161' title='bbox 1332 588 1495 627; x_wconf 86' lang='lat' dir='ltr'><strong>germinet.</strong></span> 
     </span>
    </p>
   </div>
   <div class='ocr_carea' id='block_1_15' title="bbox 914 640 1305 684">
    <p class='ocr_par' dir='ltr' id='par_1_26' title="bbox 914 640 1305 684">
     <span class='ocr_line' id='line_1_52' title="bbox 914 640 1305 684; baseline 0.003 -11"><span class='ocrx_word' id='word_1_162' title='bbox 914 640 984 674; x_wconf 73' lang='lat' dir='ltr'><strong>,Tu</strong></span> <span class='ocrx_word' id='word_1_163' title='bbox 1011 640 1092 681; x_wconf 89' lang='lat' dir='ltr'><strong>vitis,</strong></span> <span class='ocrx_word' id='word_1_164' title='bbox 1120 650 1181 672; x_wconf 85' lang='lat' dir='ltr'><strong>uva</strong></span> <span class='ocrx_word' id='word_1_165' title='bbox 1205 640 1305 684; x_wconf 85' lang='lat' dir='ltr'><strong>filius;</strong></span> 
     </span>
    </p>
   </div>
   <div class='ocr_carea' id='block_1_16' title="bbox 933 687 1497 1489">
    <p class='ocr_par' dir='ltr' id='par_1_27' title="bbox 935 687 1373 728">
     <span class='ocr_line' id='line_1_53' title="bbox 935 687 1373 728; baseline 0.009 -10"><span class='ocrx_word' id='word_1_166' title='bbox 935 687 1018 725; x_wconf 74' lang='lat' dir='ltr'><strong>Quid</strong></span> <span class='ocrx_word' id='word_1_167' title='bbox 1041 695 1122 719; x_wconf 87' lang='lat' dir='ltr'><strong>uvae</strong></span> <span class='ocrx_word' id='word_1_168' title='bbox 1146 691 1373 728; x_wconf 82' lang='lat' dir='ltr'><strong>competentius</strong></span> 
     </span>
    </p>

    <p class='ocr_par' dir='ltr' id='par_1_28' title="bbox 935 734 1495 867">
     <span class='ocr_line' id='line_1_54' title="bbox 984 734 1495 776; baseline 0.01 -12"><span class='ocrx_word' id='word_1_169' title='bbox 984 734 1081 773; x_wconf 81' lang='lat' dir='ltr'><strong>Quam</strong></span> <span class='ocrx_word' id='word_1_170' title='bbox 1091 736 1241 775; x_wconf 80' lang='lat' dir='ltr'><strong>torcular,</strong></span> <span class='ocrx_word' id='word_1_171' title='bbox 1252 745 1311 776; x_wconf 84' lang='lat' dir='ltr'><strong>quo</strong></span> <span class='ocrx_word' id='word_1_172' title='bbox 1320 737 1495 776; x_wconf 74' lang='lat' dir='ltr'><strong>premitur?</strong></span> 
     </span>
     <span class='ocr_line' id='line_1_55' title="bbox 939 780 1378 825; baseline 0.009 -14"><span class='ocrx_word' id='word_1_173' title='bbox 939 780 1002 812; x_wconf 85' lang='lat' dir='ltr'><strong>Gur</strong></span> <span class='ocrx_word' id='word_1_174' title='bbox 1025 789 1175 819; x_wconf 81' lang='lat' dir='ltr'><strong>pressura</strong></span> <span class='ocrx_word' id='word_1_175' title='bbox 1196 780 1235 814; x_wconf 86' lang='lat' dir='ltr'><strong>fit</strong></span> <span class='ocrx_word' id='word_1_176' title='bbox 1258 784 1378 825; x_wconf 87' lang='lat' dir='ltr'><strong>durius,</strong></span> 
     </span>
     <span class='ocr_line' id='line_1_56' title="bbox 935 827 1293 867; baseline 0.008 -9"><span class='ocrx_word' id='word_1_177' title='bbox 935 827 1005 859; x_wconf 84' lang='lat' dir='ltr'><strong>Nisi</strong></span> <span class='ocrx_word' id='word_1_178' title='bbox 1031 828 1104 867; x_wconf 83' lang='lat' dir='ltr'><strong>quia</strong></span> <span class='ocrx_word' id='word_1_179' title='bbox 1123 829 1293 867; x_wconf 81' lang='lat' dir='ltr'><strong>jucundius</strong></span> 
     </span>
    </p>

    <p class='ocr_par' dir='ltr' id='par_1_29' title="bbox 934 874 1443 1010">
     <span class='ocr_line' id='line_1_57' title="bbox 981 874 1443 909; baseline 0.004 -2"><span class='ocrx_word' id='word_1_180' title='bbox 981 874 1096 907; x_wconf 82' lang='lat' dir='ltr'><strong>Vinum</strong></span> <span class='ocrx_word' id='word_1_181' title='bbox 1119 875 1277 907; x_wconf 84' lang='lat' dir='ltr'><strong>sincerum</strong></span> <span class='ocrx_word' id='word_1_182' title='bbox 1302 876 1419 909; x_wconf 86' lang='lat' dir='ltr'><strong>bibitur</strong></span> <span class='ocrx_word' id='word_1_183' title='bbox 1427 879 1443 909; x_wconf 67' lang='lat' dir='ltr'><strong>&#39;s</strong></span> 
     </span>
     <span class='ocr_line' id='line_1_58' title="bbox 934 921 1407 960; baseline 0.006 -8"><span class='ocrx_word' id='word_1_184' title='bbox 934 921 1015 960; x_wconf 79' lang='lat' dir='ltr'><strong>Quid</strong></span> <span class='ocrx_word' id='word_1_185' title='bbox 1041 931 1103 954; x_wconf 87' lang='lat' dir='ltr'><strong>uva</strong></span> <span class='ocrx_word' id='word_1_186' title='bbox 1126 931 1236 960; x_wconf 84' lang='lat' dir='ltr'><strong>pressa</strong></span> <span class='ocrx_word' id='word_1_187' title='bbox 1262 923 1407 956; x_wconf 63' lang='lat' dir='ltr'><strong>dulcius?</strong></span> 
     </span>
     <span class='ocr_line' id='line_1_59' title="bbox 935 968 1440 1010; baseline 0.006 -11"><span class='ocrx_word' id='word_1_188' title='bbox 935 968 1018 1006; x_wconf 74' lang='lat' dir='ltr'><strong>Quid</strong></span> <span class='ocrx_word' id='word_1_189' title='bbox 1044 968 1168 1000; x_wconf 79' lang='lat' dir='ltr'><strong>Christo</strong></span> <span class='ocrx_word' id='word_1_190' title='bbox 1192 978 1285 1009; x_wconf 87' lang='lat' dir='ltr'><strong>passo</strong></span> <span class='ocrx_word' id='word_1_191' title='bbox 1311 973 1440 1010; x_wconf 82' lang='lat' dir='ltr'><strong>gratius,</strong></span> 
     </span>
    </p>

    <p class='ocr_par' dir='ltr' id='par_1_30' title="bbox 933 1015 1419 1158">
     <span class='ocr_line' id='line_1_60' title="bbox 982 1015 1419 1054; baseline 0.009 -9"><span class='ocrx_word' id='word_1_192' title='bbox 982 1015 1018 1046; x_wconf 92' lang='lat' dir='ltr'><strong>In</strong></span> <span class='ocrx_word' id='word_1_193' title='bbox 1045 1016 1132 1054; x_wconf 72' lang='lat' dir='ltr'><strong>cuius</strong></span> <span class='ocrx_word' id='word_1_194' title='bbox 1155 1018 1257 1047; x_wconf 89' lang='lat' dir='ltr'><strong>morte</strong></span> <span class='ocrx_word' id='word_1_195' title='bbox 1278 1017 1419 1049; x_wconf 74' lang='lat' dir='ltr'><strong>vivitur?</strong></span> 
     </span>
     <span class='ocr_line' id='line_1_61' title="bbox 933 1070 1393 1114; baseline 0.009 -13"><span class='ocrx_word' id='word_1_196' title='bbox 933 1070 1029 1102; x_wconf 85' lang='lat' dir='ltr'><strong>Multi</strong></span> <span class='ocrx_word' id='word_1_197' title='bbox 1052 1079 1088 1101; x_wconf 86' lang='lat' dir='ltr'><strong>se</strong></span> <span class='ocrx_word' id='word_1_198' title='bbox 1108 1071 1210 1111; x_wconf 81' lang='lat' dir='ltr'><strong>justos</strong></span> <span class='ocrx_word' id='word_1_199' title='bbox 1234 1075 1393 1114; x_wconf 81' lang='lat' dir='ltr'><strong>reputant,</strong></span> 
     </span>
     <span class='ocr_line' id='line_1_62' title="bbox 934 1117 1337 1158; baseline 0.005 -10"><span class='ocrx_word' id='word_1_200' title='bbox 934 1117 1051 1149; x_wconf 88' lang='lat' dir='ltr'><strong>Filium</strong></span> <span class='ocrx_word' id='word_1_201' title='bbox 1076 1127 1095 1149; x_wconf 86' lang='lat' dir='ltr'><strong>a</strong></span> <span class='ocrx_word' id='word_1_202' title='bbox 1119 1120 1151 1149; x_wconf 91' lang='lat' dir='ltr'><strong>te</strong></span> <span class='ocrx_word' id='word_1_203' title='bbox 1175 1120 1337 1158; x_wconf 85' lang='lat' dir='ltr'><strong>postulant</strong></span> 
     </span>
    </p>

    <p class='ocr_par' dir='ltr' id='par_1_31' title="bbox 936 1164 1459 1303">
     <span class='ocr_line' id='line_1_63' title="bbox 982 1164 1459 1208; baseline 0.008 -13"><span class='ocrx_word' id='word_1_204' title='bbox 982 1164 1027 1196; x_wconf 84' lang='lat' dir='ltr'><strong>Et</strong></span> <span class='ocrx_word' id='word_1_205' title='bbox 1049 1165 1092 1196; x_wconf 84' lang='lat' dir='ltr'><strong>ad</strong></span> <span class='ocrx_word' id='word_1_206' title='bbox 1115 1173 1166 1195; x_wconf 87' lang='lat' dir='ltr'><strong>me</strong></span> <span class='ocrx_word' id='word_1_207' title='bbox 1188 1174 1250 1197; x_wconf 85' lang='lat' dir='ltr'><strong>non</strong></span> <span class='ocrx_word' id='word_1_208' title='bbox 1274 1168 1459 1208; x_wconf 80' lang='lat' dir='ltr'><strong>respiciunt,</strong></span> 
     </span>
     <span class='ocr_line' id='line_1_64' title="bbox 936 1210 1447 1255; baseline 0.008 -13"><span class='ocrx_word' id='word_1_209' title='bbox 936 1210 999 1242; x_wconf 78' lang='lat' dir='ltr'><strong>Sed</strong></span> <span class='ocrx_word' id='word_1_210' title='bbox 1024 1214 1190 1251; x_wconf 84' lang='lat' dir='ltr'><strong>postquam</strong></span> <span class='ocrx_word' id='word_1_211' title='bbox 1215 1212 1273 1244; x_wconf 89' lang='lat' dir='ltr'><strong>tibi</strong></span> <span class='ocrx_word' id='word_1_212' title='bbox 1298 1215 1447 1255; x_wconf 82' lang='lat' dir='ltr'><strong>credituS,</strong></span> 
     </span>
     <span class='ocr_line' id='line_1_65' title="bbox 936 1257 1376 1303; baseline 0.009 -15"><span class='ocrx_word' id='word_1_213' title='bbox 936 1257 996 1288; x_wconf 84' lang='lat' dir='ltr'><strong>Est</strong></span> <span class='ocrx_word' id='word_1_214' title='bbox 1018 1259 1103 1296; x_wconf 86' lang='lat' dir='ltr'><strong>apud</strong></span> <span class='ocrx_word' id='word_1_215' title='bbox 1127 1267 1178 1289; x_wconf 88' lang='lat' dir='ltr'><strong>me</strong></span> <span class='ocrx_word' id='word_1_216' title='bbox 1203 1258 1376 1303; x_wconf 86' lang='lat' dir='ltr'><strong>depositus,</strong></span> 
     </span>
    </p>

    <p class='ocr_par' dir='ltr' id='par_1_32' title="bbox 936 1305 1448 1439">
     <span class='ocr_line' id='line_1_66' title="bbox 983 1305 1448 1348; baseline 0.009 -13"><span class='ocrx_word' id='word_1_217' title='bbox 983 1305 1085 1336; x_wconf 84' lang='lat' dir='ltr'><strong>Extra</strong></span> <span class='ocrx_word' id='word_1_218' title='bbox 1106 1313 1157 1336; x_wconf 89' lang='lat' dir='ltr'><strong>me</strong></span> <span class='ocrx_word' id='word_1_219' title='bbox 1180 1315 1241 1337; x_wconf 84' lang='lat' dir='ltr'><strong>non</strong></span> <span class='ocrx_word' id='word_1_220' title='bbox 1267 1307 1448 1348; x_wconf 80' lang='lat' dir='ltr'><strong>inveniunt3</strong></span> 
     </span>
     <span class='ocr_line' id='line_1_67' title="bbox 936 1351 1387 1395; baseline 0.009 -13"><span class='ocrx_word' id='word_1_221' title='bbox 936 1351 1096 1389; x_wconf 80' lang='lat' dir='ltr'><strong>Quaerant</strong></span> <span class='ocrx_word' id='word_1_222' title='bbox 1118 1351 1152 1382; x_wconf 88' lang='lat' dir='ltr'><strong>in</strong></span> <span class='ocrx_word' id='word_1_223' title='bbox 1175 1361 1243 1384; x_wconf 87' lang='lat' dir='ltr'><strong>meo</strong></span> <span class='ocrx_word' id='word_1_224' title='bbox 1268 1355 1387 1395; x_wconf 83' lang='lat' dir='ltr'><strong>stipite,</strong></span> 
     </span>
     <span class='ocr_line' id='line_1_68' title="bbox 938 1397 1369 1439; baseline 0.009 -10"><span class='ocrx_word' id='word_1_225' title='bbox 938 1397 1056 1438; x_wconf 86' lang='lat' dir='ltr'><strong>Sugant</strong></span> <span class='ocrx_word' id='word_1_226' title='bbox 1083 1399 1123 1430; x_wconf 93' lang='lat' dir='ltr'><strong>de</strong></span> <span class='ocrx_word' id='word_1_227' title='bbox 1146 1408 1214 1432; x_wconf 88' lang='lat' dir='ltr'><strong>meo</strong></span> <span class='ocrx_word' id='word_1_228' title='bbox 1238 1401 1369 1439; x_wconf 84' lang='lat' dir='ltr'><strong>palmite</strong></span> 
     </span>
    </p>

    <p class='ocr_par' dir='ltr' id='par_1_33' title="bbox 983 1445 1497 1489">
     <span class='ocr_line' id='line_1_69' title="bbox 983 1445 1497 1489; baseline 0.01 -13"><span class='ocrx_word' id='word_1_229' title='bbox 983 1445 1135 1477; x_wconf 86' lang='lat' dir='ltr'><strong>Fructum</strong></span> <span class='ocrx_word' id='word_1_230' title='bbox 1150 1448 1248 1485; x_wconf 79' lang='lat' dir='ltr'><strong>tuum,</strong></span> <span class='ocrx_word' id='word_1_231' title='bbox 1269 1456 1360 1487; x_wconf 84' lang='lat' dir='ltr'><strong>quem</strong></span> <span class='ocrx_word' id='word_1_232' title='bbox 1377 1456 1497 1489; x_wconf 60' lang='lat' dir='ltr'><strong>sitiunt,</strong></span> 
     </span>
    </p>
   </div>
   <div class='ocr_carea' id='block_1_17' title="bbox 936 1501 1488 1918">
    <p class='ocr_par' dir='ltr' id='par_1_34' title="bbox 936 1501 1488 1918">
     <span class='ocr_line' id='line_1_70' title="bbox 940 1501 1359 1542; baseline 0.01 -10"><span class='ocrx_word' id='word_1_233' title='bbox 940 1501 1145 1541; x_wconf 83' lang='lat' dir='ltr'><strong>Respondeas</strong></span> <span class='ocrx_word' id='word_1_234' title='bbox 1168 1502 1359 1542; x_wconf 70' lang='lat' dir='ltr'><strong>hypocritis:</strong></span> 
     </span>
     <span class='ocr_line' id='line_1_71' title="bbox 936 1548 1366 1592; baseline 0.009 -13"><span class='ocrx_word' id='word_1_235' title='bbox 936 1548 1054 1579; x_wconf 82' lang='lat' dir='ltr'><strong>Filium</strong></span> <span class='ocrx_word' id='word_1_236' title='bbox 1077 1557 1179 1580; x_wconf 87' lang='lat' dir='ltr'><strong>meum</strong></span> <span class='ocrx_word' id='word_1_237' title='bbox 1204 1551 1366 1592; x_wconf 80' lang='lat' dir='ltr'><strong>quaeritis,</strong></span> 
     </span>
     <span class='ocr_line' id='line_1_72' title="bbox 982 1596 1488 1640; baseline 0.014 -15"><span class='ocrx_word' id='word_1_238' title='bbox 982 1596 1079 1635; x_wconf 78' lang='lat' dir='ltr'><strong>Quem</strong></span> <span class='ocrx_word' id='word_1_239' title='bbox 1104 1596 1191 1627; x_wconf 83' lang='lat' dir='ltr'><strong>cruci</strong></span> <span class='ocrx_word' id='word_1_240' title='bbox 1217 1596 1334 1629; x_wconf 89' lang='lat' dir='ltr'><strong>dudum</strong></span> <span class='ocrx_word' id='word_1_241' title='bbox 1359 1599 1488 1640; x_wconf 87' lang='lat' dir='ltr'><strong>tradidi,</strong></span> 
     </span>
     <span class='ocr_line' id='line_1_73' title="bbox 937 1641 1437 1687; baseline 0.008 -13"><span class='ocrx_word' id='word_1_242' title='bbox 937 1641 1008 1674; x_wconf 78' lang='lat' dir='ltr'><strong>Jain</strong></span> <span class='ocrx_word' id='word_1_243' title='bbox 1032 1651 1095 1674; x_wconf 89' lang='lat' dir='ltr'><strong>non</strong></span> <span class='ocrx_word' id='word_1_244' title='bbox 1118 1644 1237 1682; x_wconf 80' lang='lat' dir='ltr'><strong>pendet</strong></span> <span class='ocrx_word' id='word_1_245' title='bbox 1262 1646 1304 1676; x_wconf 66' lang='lat' dir='ltr'><strong>ad</strong></span> <span class='ocrx_word' id='word_1_246' title='bbox 1327 1646 1437 1687; x_wconf 79' lang='lat' dir='ltr'><strong>ubera,</strong></span> 
     </span>
     <span class='ocr_line' id='line_1_74' title="bbox 938 1690 1394 1725; baseline 0.011 -5"><span class='ocrx_word' id='word_1_247' title='bbox 938 1690 1059 1721; x_wconf 85' lang='lat' dir='ltr'><strong>Pendet</strong></span> <span class='ocrx_word' id='word_1_248' title='bbox 1082 1690 1115 1721; x_wconf 87' lang='lat' dir='ltr'><strong>in</strong></span> <span class='ocrx_word' id='word_1_249' title='bbox 1144 1699 1236 1722; x_wconf 86' lang='lat' dir='ltr'><strong>cruce</strong></span> <span class='ocrx_word' id='word_1_250' title='bbox 1261 1692 1394 1725; x_wconf 74' lang='lat' dir='ltr'><strong>verbera</strong></span> 
     </span>
     <span class='ocr_line' id='line_1_75' title="bbox 985 1736 1467 1782; baseline 0.01 -13"><span class='ocrx_word' id='word_1_251' title='bbox 985 1736 1134 1776; x_wconf 80' lang='lat' dir='ltr'><strong>Corporis</strong></span> <span class='ocrx_word' id='word_1_252' title='bbox 1157 1743 1335 1771; x_wconf 79' lang='lat' dir='ltr'><strong>monstrans</strong></span> <span class='ocrx_word' id='word_1_253' title='bbox 1359 1741 1467 1782; x_wconf 82' lang='lat' dir='ltr'><strong>lividi3</strong></span> 
     </span>
     <span class='ocr_line' id='line_1_76' title="bbox 936 1783 1366 1829; baseline 0.007 -14"><span class='ocrx_word' id='word_1_254' title='bbox 936 1783 1018 1815; x_wconf 88' lang='lat' dir='ltr'><strong>Eum</strong></span> <span class='ocrx_word' id='word_1_255' title='bbox 1041 1783 1075 1815; x_wconf 86' lang='lat' dir='ltr'><strong>in</strong></span> <span class='ocrx_word' id='word_1_256' title='bbox 1099 1793 1191 1816; x_wconf 83' lang='lat' dir='ltr'><strong>eruce</strong></span> <span class='ocrx_word' id='word_1_257' title='bbox 1214 1786 1366 1829; x_wconf 81' lang='lat' dir='ltr'><strong>quaerite,</strong></span> 
     </span>
     <span class='ocr_line' id='line_1_77' title="bbox 938 1830 1357 1872; baseline 0.007 -10"><span class='ocrx_word' id='word_1_258' title='bbox 938 1830 1052 1863; x_wconf 81' lang='lat' dir='ltr'><strong>Guttas</strong></span> <span class='ocrx_word' id='word_1_259' title='bbox 1077 1835 1223 1864; x_wconf 76' lang='lat' dir='ltr'><strong>cruentas</strong></span> <span class='ocrx_word' id='word_1_260' title='bbox 1248 1833 1357 1872; x_wconf 83' lang='lat' dir='ltr'><strong>bibite,</strong></span> 
     </span>
     <span class='ocr_line' id='line_1_78' title="bbox 985 1879 1350 1918; baseline 0.011 -9"><span class='ocrx_word' id='word_1_261' title='bbox 985 1879 1203 1911; x_wconf 86' lang='lat' dir='ltr'><strong>Aemulatores</strong></span> <span class='ocrx_word' id='word_1_262' title='bbox 1226 1880 1350 1918; x_wconf 90' lang='lat' dir='ltr'><strong>perfidi.</strong></span> 
     </span>
    </p>
   </div>
   <div class='ocr_carea' id='block_1_18' title="bbox 272 1960 1500 1993">
    <p class='ocr_par' dir='ltr' id='par_1_35' title="bbox 272 1960 1500 1993">
     <span class='ocr_line' id='line_1_79' title="bbox 272 1960 1500 1993; baseline 0.004 -5"><span class='ocrx_word' id='word_1_263' title='bbox 272 1960 354 1988; x_wconf 83' lang='lat' dir='ltr'><strong>Cant.</strong></span> <span class='ocrx_word' id='word_1_264' title='bbox 381 1969 434 1987; x_wconf 89' lang='lat' dir='ltr'><strong>ms.</strong></span> <span class='ocrx_word' id='word_1_265' title='bbox 454 1960 534 1987; x_wconf 87' lang='lat' dir='ltr'><strong>Petri</strong></span> <span class='ocrx_word' id='word_1_266' title='bbox 558 1960 594 1987; x_wconf 86' lang='lat' dir='ltr'><strong>de</strong></span> <span class='ocrx_word' id='word_1_267' title='bbox 613 1961 735 1989; x_wconf 77' lang='lat' dir='ltr'><strong>Medicis</strong></span> <span class='ocrx_word' id='word_1_268' title='bbox 764 1970 839 1990; x_wconf 83' lang='lat' dir='ltr'><strong>saec.</strong></span> <span class='ocrx_word' id='word_1_269' title='bbox 863 1960 905 1990; x_wconf 88' lang='lat'><strong>13.</strong></span> <span class='ocrx_word' id='word_1_270' title='bbox 927 1961 997 1990; x_wconf 80' lang='lat' dir='ltr'><strong>Ood.</strong></span> <span class='ocrx_word' id='word_1_271' title='bbox 1017 1962 1206 1990; x_wconf 80' lang='lat' dir='ltr'><strong>Laurentian.</strong></span> <span class='ocrx_word' id='word_1_272' title='bbox 1228 1964 1273 1990; x_wconf 85' lang='lat' dir='ltr'><strong>Pl.</strong></span> <span class='ocrx_word' id='word_1_273' title='bbox 1294 1962 1339 1991; x_wconf 85' lang='lat'><strong>29.</strong></span> <span class='ocrx_word' id='word_1_274' title='bbox 1363 1963 1386 1992; x_wconf 86' lang='grc'><strong>1.</strong></span> <span class='ocrx_word' id='word_1_275' title='bbox 1407 1966 1441 1993; x_wconf 92' lang='lat' dir='ltr'><strong>A.</strong></span> <span class='ocrx_word' id='word_1_276' title='bbox 1463 1982 1500 1988; x_wconf 85' lang='lat'>—</span> 
     </span>
    </p>
   </div>
   <div class='ocr_carea' id='block_1_19' title="bbox 191 1995 1501 2423">
    <p class='ocr_par' dir='ltr' id='par_1_36' title="bbox 191 1995 1501 2423">
     <span class='ocr_line' id='line_1_80' title="bbox 194 1995 1500 2040; baseline 0.005 -14"><span class='ocrx_word' id='word_1_277' title='bbox 194 1999 268 2026; x_wconf 79' lang='lat' dir='ltr'><strong>Glm.</strong></span> <span class='ocrx_word' id='word_1_278' title='bbox 289 1999 442 2026; x_wconf 83' lang='lat' dir='ltr'><strong>Monacen.</strong></span> <span class='ocrx_word' id='word_1_279' title='bbox 468 1995 531 2025; x_wconf 83' lang='lat'><strong>675.</strong></span> <span class='ocrx_word' id='word_1_280' title='bbox 559 2005 633 2025; x_wconf 75' lang='lat' dir='ltr'><strong>saec.</strong></span> <span class='ocrx_word' id='word_1_281' title='bbox 661 1996 704 2025; x_wconf 87' lang='lat'><strong>15.</strong></span> <span class='ocrx_word' id='word_1_282' title='bbox 724 2000 757 2027; x_wconf 85' lang='lat' dir='ltr'><strong>B.</strong></span> <span class='ocrx_word' id='word_1_283' title='bbox 785 2015 821 2019; x_wconf 89' lang='lat'><strong>—</strong></span> <span class='ocrx_word' id='word_1_284' title='bbox 849 1999 917 2027; x_wconf 88' lang='lat' dir='ltr'><strong>Cod.</strong></span> <span class='ocrx_word' id='word_1_285' title='bbox 938 1999 1031 2027; x_wconf 83' lang='lat' dir='ltr'><strong>Palat.</strong></span> <span class='ocrx_word' id='word_1_286' title='bbox 1052 2000 1253 2028; x_wconf 74' lang='lat' dir='ltr'><strong>vindobonen.</strong></span> <span class='ocrx_word' id='word_1_287' title='bbox 1277 2000 1326 2036; x_wconf 88' lang='lat' dir='ltr'><strong>(ol.</strong></span> <span class='ocrx_word' id='word_1_288' title='bbox 1353 2003 1500 2040; x_wconf 56' lang='lat' dir='ltr'><strong>(J‘unpen.)</strong></span> 
     </span>
     <span class='ocr_line' id='line_1_81' title="bbox 194 2033 1500 2077; baseline 0.002 -13"><span class='ocrx_word' id='word_1_289' title='bbox 194 2035 260 2065; x_wconf 60' lang='lat'><strong>853.</strong></span> <span class='ocrx_word' id='word_1_290' title='bbox 292 2044 368 2064; x_wconf 83' lang='lat' dir='ltr'><strong>saec..</strong></span> <span class='ocrx_word' id='word_1_291' title='bbox 388 2033 464 2064; x_wconf 70' lang='lat' dir='ltr'><strong>²¹¹¹l&#39;15.</strong></span> <span class='ocrx_word' id='word_1_292' title='bbox 485 2035 516 2062; x_wconf 78' lang='lat' dir='ltr'><strong>C.</strong></span> <span class='ocrx_word' id='word_1_293' title='bbox 546 2051 580 2055; x_wconf 90' lang='lat'>—</span> <span class='ocrx_word' id='word_1_294' title='bbox 604 2035 629 2069; x_wconf 84' lang='lat'><strong>1,</strong></span> <span class='ocrx_word' id='word_1_295' title='bbox 648 2033 667 2062; x_wconf 82' lang='lat'>2</span> <span class='ocrx_word' id='word_1_296' title='bbox 688 2037 766 2070; x_wconf 74' lang='lat' dir='ltr'><strong>Quia</strong></span> <span class='ocrx_word' id='word_1_297' title='bbox 783 2045 861 2064; x_wconf 86' lang='lat' dir='ltr'><strong>nune</strong></span> <span class='ocrx_word' id='word_1_298' title='bbox 879 2039 910 2064; x_wconf 88' lang='lat' dir='ltr'><strong>in</strong></span> <span class='ocrx_word' id='word_1_299' title='bbox 930 2040 959 2065; x_wconf 82' lang='lat' dir='ltr'><strong>te</strong></span> <span class='ocrx_word' id='word_1_300' title='bbox 980 2037 1010 2065; x_wconf 78' lang='lat' dir='ltr'><strong>C.</strong></span> <span class='ocrx_word' id='word_1_301' title='bbox 1031 2051 1069 2056; x_wconf 92' lang='lat'><strong>—-</strong></span> <span class='ocrx_word' id='word_1_302' title='bbox 1089 2036 1114 2072; x_wconf 80' lang='lat'><strong>1,</strong></span> <span class='ocrx_word' id='word_1_303' title='bbox 1135 2034 1153 2064; x_wconf 81' lang='lat'><strong>3</strong></span> <span class='ocrx_word' id='word_1_304' title='bbox 1172 2047 1233 2066; x_wconf 85' lang='lat' dir='ltr'><strong>non</strong></span> <span class='ocrx_word' id='word_1_305' title='bbox 1251 2040 1306 2067; x_wconf 83' lang='lat' dir='ltr'><strong>tibi</strong></span> <span class='ocrx_word' id='word_1_306' title='bbox 1328 2039 1357 2067; x_wconf 77' lang='lat' dir='ltr'><strong>U.</strong></span> <span class='ocrx_word' id='word_1_307' title='bbox 1378 2057 1416 2062; x_wconf 91' lang='grc'>-</span> <span class='ocrx_word' id='word_1_308' title='bbox 1436 2041 1460 2077; x_wconf 76' lang='grc'><strong>2,</strong></span> <span class='ocrx_word' id='word_1_309' title='bbox 1482 2043 1500 2071; x_wconf 77' lang='lat'><strong>2</strong></span> 
     </span>
     <span class='ocr_line' id='line_1_82' title="bbox 197 2073 1499 2114; baseline 0.001 -11"><span class='ocrx_word' id='word_1_310' title='bbox 197 2073 274 2109; x_wconf 79' lang='lat' dir='ltr'><strong>Quid</strong></span> <span class='ocrx_word' id='word_1_311' title='bbox 302 2077 347 2102; x_wconf 87' lang='lat' dir='ltr'><strong>est</strong></span> <span class='ocrx_word' id='word_1_312' title='bbox 372 2074 450 2109; x_wconf 86' lang='lat' dir='ltr'><strong>quod</strong></span> <span class='ocrx_word' id='word_1_313' title='bbox 469 2076 498 2100; x_wconf 87' lang='lat' dir='ltr'><strong>te</strong></span> <span class='ocrx_word' id='word_1_314' title='bbox 518 2082 577 2101; x_wconf 89' lang='lat' dir='ltr'><strong>non</strong></span> <span class='ocrx_word' id='word_1_315' title='bbox 598 2074 696 2102; x_wconf 85' lang='lat' dir='ltr'><strong>obruit</strong></span> <span class='ocrx_word' id='word_1_316' title='bbox 721 2074 764 2109; x_wconf 82' lang='lat' dir='ltr'><strong>(l.:</strong></span> <span class='ocrx_word' id='word_1_317' title='bbox 792 2074 916 2109; x_wconf 86' lang='lat' dir='ltr'><strong>horruit)</strong></span> <span class='ocrx_word' id='word_1_318' title='bbox 943 2075 975 2101; x_wconf 80' lang='lat' dir='ltr'><strong>O.</strong></span> <span class='ocrx_word' id='word_1_319' title='bbox 999 2090 1032 2094; x_wconf 88' lang='lat'><strong>—</strong></span> <span class='ocrx_word' id='word_1_320' title='bbox 1058 2073 1084 2108; x_wconf 84' lang='lat'><strong>2,</strong></span> <span class='ocrx_word' id='word_1_321' title='bbox 1104 2073 1180 2103; x_wconf 81' lang='lat'><strong>4-6</strong></span> <span class='ocrx_word' id='word_1_322' title='bbox 1200 2076 1297 2104; x_wconf 89' lang='lat' dir='ltr'><strong>sehlen</strong></span> <span class='ocrx_word' id='word_1_323' title='bbox 1319 2076 1348 2104; x_wconf 86' lang='lat' dir='ltr'><strong>C.</strong></span> <span class='ocrx_word' id='word_1_324' title='bbox 1375 2095 1410 2100; x_wconf 91' lang='lat'><em>-</em></span> <span class='ocrx_word' id='word_1_325' title='bbox 1435 2079 1461 2114; x_wconf 82' lang='lat'><strong>2,</strong></span> <span class='ocrx_word' id='word_1_326' title='bbox 1482 2082 1499 2109; x_wconf 85' lang='lat'><strong>7</strong></span> 
     </span>
     <span class='ocr_line' id='line_1_83' title="bbox 196 2106 1500 2149; baseline 0.001 -9"><span class='ocrx_word' id='word_1_327' title='bbox 196 2114 294 2147; x_wconf 76' lang='lat' dir='ltr'><strong>Quare</strong></span> <span class='ocrx_word' id='word_1_328' title='bbox 313 2113 364 2148; x_wconf 85' lang='lat' dir='ltr'><strong>qui</strong></span> <span class='ocrx_word' id='word_1_329' title='bbox 383 2113 474 2139; x_wconf 82' lang='lat' dir='ltr'><strong>vitam</strong></span> <span class='ocrx_word' id='word_1_330' title='bbox 497 2111 526 2138; x_wconf 86' lang='lat' dir='ltr'><strong>C.</strong></span> <span class='ocrx_word' id='word_1_331' title='bbox 547 2125 585 2130; x_wconf 49' lang='lat'><strong>³-</strong></span> <span class='ocrx_word' id='word_1_332' title='bbox 604 2110 630 2145; x_wconf 83' lang='lat'><strong>2,</strong></span> <span class='ocrx_word' id='word_1_333' title='bbox 652 2109 670 2138; x_wconf 88' lang='lat'>8</span> <span class='ocrx_word' id='word_1_334' title='bbox 688 2112 852 2149; x_wconf 83' lang='lat' dir='ltr'><strong>Mortisque</strong></span> <span class='ocrx_word' id='word_1_335' title='bbox 870 2113 903 2140; x_wconf 89' lang='lat' dir='ltr'><strong>B.</strong></span> <span class='ocrx_word' id='word_1_336' title='bbox 924 2128 963 2134; x_wconf 83' lang='lat'><strong>-</strong></span> <span class='ocrx_word' id='word_1_337' title='bbox 982 2110 1009 2147; x_wconf 87' lang='lat'><strong>3,</strong></span> <span class='ocrx_word' id='word_1_338' title='bbox 1032 2110 1104 2140; x_wconf 82' lang='lat'>1—-3</span> <span class='ocrx_word' id='word_1_339' title='bbox 1124 2106 1220 2142; x_wconf 75' lang='lat' dir='ltr'><strong>fehlen</strong></span> <span class='ocrx_word' id='word_1_340' title='bbox 1241 2113 1271 2141; x_wconf 81' lang='lat' dir='ltr'><strong>O.</strong></span> <span class='ocrx_word' id='word_1_341' title='bbox 1293 2130 1329 2135; x_wconf 90' lang='lat'><strong>—-</strong></span> <span class='ocrx_word' id='word_1_342' title='bbox 1349 2114 1376 2148; x_wconf 75' lang='lat'><strong>3,</strong></span> <span class='ocrx_word' id='word_1_343' title='bbox 1396 2117 1416 2146; x_wconf 79' lang='lat'>4</span> <span class='ocrx_word' id='word_1_344' title='bbox 1435 2126 1500 2147; x_wconf 72' lang='lat' dir='ltr'><strong>cum</strong></span> 
     </span>
     <span class='ocr_line' id='line_1_84' title="bbox 194 2147 1500 2187; baseline 0.004 -8"><span class='ocrx_word' id='word_1_345' title='bbox 194 2151 294 2187; x_wconf 84' lang='lat' dir='ltr'><strong>impiis</strong></span> <span class='ocrx_word' id='word_1_346' title='bbox 317 2150 347 2177; x_wconf 87' lang='lat' dir='ltr'><strong>C.</strong></span> <span class='ocrx_word' id='word_1_347' title='bbox 373 2164 410 2168; x_wconf 93' lang='lat'>—</span> <span class='ocrx_word' id='word_1_348' title='bbox 434 2148 460 2182; x_wconf 77' lang='lat'><strong>3,</strong></span> <span class='ocrx_word' id='word_1_349' title='bbox 483 2147 499 2176; x_wconf 90' lang='lat'>6</span> <span class='ocrx_word' id='word_1_350' title='bbox 527 2149 665 2177; x_wconf 74' lang='lat' dir='ltr'><strong>sociante</strong></span> <span class='ocrx_word' id='word_1_351' title='bbox 685 2151 715 2178; x_wconf 79' lang='lat' dir='ltr'><strong>C.</strong></span> <span class='ocrx_word' id='word_1_352' title='bbox 741 2166 778 2171; x_wconf 92' lang='lat'><strong>-—-</strong></span> <span class='ocrx_word' id='word_1_353' title='bbox 803 2150 830 2185; x_wconf 79' lang='lat'><strong>3,</strong></span> <span class='ocrx_word' id='word_1_354' title='bbox 852 2148 926 2179; x_wconf 82' lang='lat'><strong>7-8</strong></span> <span class='ocrx_word' id='word_1_355' title='bbox 945 2150 1042 2179; x_wconf 85' lang='lat' dir='ltr'><strong>fehlen</strong></span> <span class='ocrx_word' id='word_1_356' title='bbox 1061 2151 1094 2178; x_wconf 86' lang='lat' dir='ltr'><strong>B.</strong></span> <span class='ocrx_word' id='word_1_357' title='bbox 1121 2164 1159 2169; x_wconf 85' lang='lat'><strong>--</strong></span> <span class='ocrx_word' id='word_1_358' title='bbox 1182 2150 1200 2179; x_wconf 88' lang='lat'><strong><em>5</em></strong></span> <span class='ocrx_word' id='word_1_359' title='bbox 1230 2150 1247 2178; x_wconf 88' lang='grc'><strong><em>2</em></strong></span> <span class='ocrx_word' id='word_1_360' title='bbox 1267 2154 1314 2182; x_wconf 83' lang='lat' dir='ltr'><strong>Me</strong></span> <span class='ocrx_word' id='word_1_361' title='bbox 1335 2155 1390 2182; x_wconf 81' lang='lat' dir='ltr'><strong>tibi</strong></span> <span class='ocrx_word' id='word_1_362' title='bbox 1409 2159 1500 2185; x_wconf 85' lang='lat' dir='ltr'><strong>totam</strong></span> 
     </span>
     <span class='ocr_line' id='line_1_85' title="bbox 194 2186 1497 2230; baseline 0.001 -13"><span class='ocrx_word' id='word_1_363' title='bbox 194 2189 287 2217; x_wconf 82' lang='lat' dir='ltr'><strong>debeo</strong></span> <span class='ocrx_word' id='word_1_364' title='bbox 309 2187 339 2216; x_wconf 88' lang='lat' dir='ltr'><strong>C.</strong></span> <span class='ocrx_word' id='word_1_365' title='bbox 361 2204 398 2209; x_wconf 79' lang='lat'><strong>-—</strong></span> <span class='ocrx_word' id='word_1_366' title='bbox 419 2186 445 2221; x_wconf 91' lang='lat'><strong>6,</strong></span> <span class='ocrx_word' id='word_1_367' title='bbox 472 2186 486 2214; x_wconf 88' lang='lat'>1</span> <span class='ocrx_word' id='word_1_368' title='bbox 509 2188 641 2215; x_wconf 73' lang='lat' dir='ltr'><strong>Christus</strong></span> <span class='ocrx_word' id='word_1_369' title='bbox 660 2191 783 2217; x_wconf 85' lang='lat' dir='ltr'><strong>mortem</strong></span> <span class='ocrx_word' id='word_1_370' title='bbox 802 2197 863 2216; x_wconf 87' lang='lat' dir='ltr'><strong>non</strong></span> <span class='ocrx_word' id='word_1_371' title='bbox 880 2189 912 2216; x_wconf 91' lang='lat' dir='ltr'><strong>B.</strong></span> <span class='ocrx_word' id='word_1_372' title='bbox 934 2203 970 2208; x_wconf 74' lang='lat'><em>-</em></span> <span class='ocrx_word' id='word_1_373' title='bbox 991 2187 1016 2221; x_wconf 90' lang='lat'><strong>6,</strong></span> <span class='ocrx_word' id='word_1_374' title='bbox 1039 2186 1056 2215; x_wconf 85' lang='lat'><strong>2</strong></span> <span class='ocrx_word' id='word_1_375' title='bbox 1078 2188 1187 2223; x_wconf 78' lang='lat' dir='ltr'><strong>Quodsi</strong></span> <span class='ocrx_word' id='word_1_376' title='bbox 1209 2190 1239 2218; x_wconf 90' lang='lat' dir='ltr'><strong>C.</strong></span> <span class='ocrx_word' id='word_1_377' title='bbox 1261 2207 1297 2211; x_wconf 89' lang='lat'><strong>—</strong></span> <span class='ocrx_word' id='word_1_378' title='bbox 1318 2190 1344 2226; x_wconf 91' lang='lat'><strong>6,</strong></span> <span class='ocrx_word' id='word_1_379' title='bbox 1364 2191 1382 2221; x_wconf 82' lang='grc'><strong>3</strong></span> <span class='ocrx_word' id='word_1_380' title='bbox 1402 2194 1497 2230; x_wconf 74' lang='lat' dir='ltr'><strong>Ligno</strong></span> 
     </span>
     <span class='ocr_line' id='line_1_86' title="bbox 191 2224 1501 2265; baseline 0.002 -10"><span class='ocrx_word' id='word_1_381' title='bbox 191 2228 304 2264; x_wconf 83' lang='lat' dir='ltr'><strong>lignum</strong></span> <span class='ocrx_word' id='word_1_382' title='bbox 329 2228 362 2255; x_wconf 85' lang='lat' dir='ltr'><strong>B.</strong></span> <span class='ocrx_word' id='word_1_383' title='bbox 389 2242 421 2246; x_wconf 87' lang='lat'><em>-</em></span> <span class='ocrx_word' id='word_1_384' title='bbox 452 2224 477 2259; x_wconf 87' lang='lat'><strong>6,</strong></span> <span class='ocrx_word' id='word_1_385' title='bbox 499 2224 516 2253; x_wconf 82' lang='lat'>5</span> <span class='ocrx_word' id='word_1_386' title='bbox 540 2225 679 2253; x_wconf 78' lang='lat' dir='ltr'><strong>Exsolvit</strong></span> <span class='ocrx_word' id='word_1_387' title='bbox 703 2226 780 2262; x_wconf 86' lang='lat' dir='ltr'><strong>quod</strong></span> <span class='ocrx_word' id='word_1_388' title='bbox 808 2235 867 2255; x_wconf 85' lang='lat' dir='ltr'><strong>non</strong></span> <span class='ocrx_word' id='word_1_389' title='bbox 887 2226 918 2254; x_wconf 80' lang='lat'><strong>0.</strong></span> <span class='ocrx_word' id='word_1_390' title='bbox 945 2242 983 2247; x_wconf 88' lang='lat'><strong>——</strong></span> <span class='ocrx_word' id='word_1_391' title='bbox 1007 2225 1033 2262; x_wconf 90' lang='lat'><strong>6,</strong></span> <span class='ocrx_word' id='word_1_392' title='bbox 1054 2225 1128 2255; x_wconf 71' lang='lat'><strong>7—5)</strong></span> <span class='ocrx_word' id='word_1_393' title='bbox 1146 2228 1243 2256; x_wconf 80' lang='lat' dir='ltr'><strong>fehlen</strong></span> <span class='ocrx_word' id='word_1_394' title='bbox 1262 2230 1296 2257; x_wconf 86' lang='lat' dir='ltr'><strong>B.</strong></span> <span class='ocrx_word' id='word_1_395' title='bbox 1322 2245 1360 2250; x_wconf 75' lang='lat'>—</span> <span class='ocrx_word' id='word_1_396' title='bbox 1383 2231 1409 2265; x_wconf 87' lang='lat'><strong>7,</strong></span> <span class='ocrx_word' id='word_1_397' title='bbox 1432 2232 1448 2260; x_wconf 78' lang='grc'><strong>9</strong></span> <span class='ocrx_word' id='word_1_398' title='bbox 1470 2235 1501 2261; x_wconf 80' lang='lat' dir='ltr'><strong>iu</strong></span> 
     </span>
     <span class='ocr_line' id='line_1_87' title="bbox 192 2261 1501 2300; baseline 0.003 -7"><span class='ocrx_word' id='word_1_399' title='bbox 192 2267 286 2293; x_wconf 81' lang='lat' dir='ltr'><strong>vitam</strong></span> <span class='ocrx_word' id='word_1_400' title='bbox 306 2267 437 2293; x_wconf 81' lang='lat' dir='ltr'><strong>transeat</strong></span> <span class='ocrx_word' id='word_1_401' title='bbox 457 2263 488 2291; x_wconf 82' lang='lat' dir='ltr'><strong>C.</strong></span> <span class='ocrx_word' id='word_1_402' title='bbox 510 2279 547 2283; x_wconf 90' lang='lat'><strong>—-</strong></span> <span class='ocrx_word' id='word_1_403' title='bbox 566 2261 593 2296; x_wconf 87' lang='lat'><strong>8,</strong></span> <span class='ocrx_word' id='word_1_404' title='bbox 614 2263 631 2291; x_wconf 85' lang='lat'><strong>7</strong></span> <span class='ocrx_word' id='word_1_405' title='bbox 651 2273 711 2292; x_wconf 85' lang='lat' dir='ltr'><strong>uva</strong></span> <span class='ocrx_word' id='word_1_406' title='bbox 729 2272 819 2300; x_wconf 82' lang='lat' dir='ltr'><strong>passa</strong></span> <span class='ocrx_word' id='word_1_407' title='bbox 831 2264 864 2293; x_wconf 87' lang='lat' dir='ltr'><strong>B.</strong></span> <span class='ocrx_word' id='word_1_408' title='bbox 885 2280 916 2283; x_wconf 97' lang='lat'><strong>—</strong></span> <span class='ocrx_word' id='word_1_409' title='bbox 942 2263 968 2298; x_wconf 86' lang='lat'><strong>9,</strong></span> <span class='ocrx_word' id='word_1_410' title='bbox 989 2263 1006 2292; x_wconf 84' lang='lat'>2</span> <span class='ocrx_word' id='word_1_411' title='bbox 1025 2265 1134 2293; x_wconf 78' lang='lat' dir='ltr'><strong>Filium</strong></span> <span class='ocrx_word' id='word_1_412' title='bbox 1156 2268 1238 2294; x_wconf 88' lang='lat' dir='ltr'><strong>tuum</strong></span> <span class='ocrx_word' id='word_1_413' title='bbox 1258 2275 1276 2294; x_wconf 83' lang='lat' dir='ltr'><strong>a</strong></span> <span class='ocrx_word' id='word_1_414' title='bbox 1295 2271 1331 2296; x_wconf 84' lang='lat' dir='ltr'><strong>te.</strong></span> <span class='ocrx_word' id='word_1_415' title='bbox 1366 2270 1417 2298; x_wconf 88' lang='lat' dir='ltr'><strong>Als</strong></span> <span class='ocrx_word' id='word_1_416' title='bbox 1431 2271 1501 2299; x_wconf 80' lang='lat' dir='ltr'><strong>Ver-</strong></span> 
     </span>
     <span class='ocr_line' id='line_1_88' title="bbox 192 2301 1500 2344; baseline 0.002 -12"><span class='ocrx_word' id='word_1_417' title='bbox 192 2304 286 2332; x_wconf 78' lang='lat' dir='ltr'><strong>fasser</strong></span> <span class='ocrx_word' id='word_1_418' title='bbox 313 2303 486 2331; x_wconf 84' lang='lat' dir='ltr'><strong>bezeichnet</strong></span> <span class='ocrx_word' id='word_1_419' title='bbox 505 2301 672 2330; x_wconf 81' lang='lat' dir='ltr'><strong>Salimbene</strong></span> <span class='ocrx_word' id='word_1_420' title='bbox 696 2303 752 2330; x_wconf 86' lang='lat' dir='ltr'><strong>den</strong></span> <span class='ocrx_word' id='word_1_421' title='bbox 771 2303 889 2330; x_wconf 82' lang='lat' dir='ltr'><strong>Pariser</strong></span> <span class='ocrx_word' id='word_1_422' title='bbox 907 2303 1048 2337; x_wconf 80' lang='lat' dir='ltr'><strong>Kanzler3</strong></span> <span class='ocrx_word' id='word_1_423' title='bbox 1074 2304 1179 2331; x_wconf 80' lang='lat' dir='ltr'><strong>ebenso</strong></span> <span class='ocrx_word' id='word_1_424' title='bbox 1201 2305 1224 2333; x_wconf 83' lang='lat' dir='ltr'>C</span> <span class='ocrx_word' id='word_1_425' title='bbox 1244 2304 1304 2338; x_wconf 83' lang='lat' dir='ltr'><strong>(fol.</strong></span> <span class='ocrx_word' id='word_1_426' title='bbox 1325 2305 1410 2342; x_wconf 66' lang='lat'><strong>791212</strong></span> <span class='ocrx_word' id='word_1_427' title='bbox 1439 2310 1500 2344; x_wconf 77' lang='lat' dir='ltr'><strong>„Ob</strong></span> 
     </span>
     <span class='ocr_line' id='line_1_89' title="bbox 196 2339 1501 2378; baseline 0.005 -9"><span class='ocrx_word' id='word_1_428' title='bbox 196 2342 366 2370; x_wconf 79' lang='lat' dir='ltr'><strong>memoriam</strong></span> <span class='ocrx_word' id='word_1_429' title='bbox 387 2339 518 2369; x_wconf 84' lang='lat' dir='ltr'><strong>crucifixi</strong></span> <span class='ocrx_word' id='word_1_430' title='bbox 540 2341 635 2368; x_wconf 83' lang='lat' dir='ltr'><strong>scribo</strong></span> <span class='ocrx_word' id='word_1_431' title='bbox 657 2340 732 2368; x_wconf 85' lang='lat' dir='ltr'><strong>hanc</strong></span> <span class='ocrx_word' id='word_1_432' title='bbox 754 2341 993 2377; x_wconf 86' lang='lat' dir='ltr'><strong>disputationem,</strong></span> <span class='ocrx_word' id='word_1_433' title='bbox 1020 2349 1108 2378; x_wconf 83' lang='lat' dir='ltr'><strong>quam</strong></span> <span class='ocrx_word' id='word_1_434' title='bbox 1127 2344 1292 2378; x_wconf 82' lang='lat' dir='ltr'><strong>composuit</strong></span> <span class='ocrx_word' id='word_1_435' title='bbox 1310 2347 1501 2377; x_wconf 78' lang='lat' dir='ltr'><strong>cancellarius</strong></span> 
     </span>
     <span class='ocr_line' id='line_1_90' title="bbox 197 2378 1499 2423; baseline 0.005 -14"><span class='ocrx_word' id='word_1_436' title='bbox 197 2380 366 2417; x_wconf 83' lang='lat' dir='ltr'><strong>Philippus,</strong></span> <span class='ocrx_word' id='word_1_437' title='bbox 392 2380 470 2408; x_wconf 82' lang='lat' dir='ltr'><strong>inter</strong></span> <span class='ocrx_word' id='word_1_438' title='bbox 491 2382 612 2408; x_wconf 83' lang='lat' dir='ltr'><strong>matrem</strong></span> <span class='ocrx_word' id='word_1_439' title='bbox 632 2380 726 2417; x_wconf 77' lang='lat' dir='ltr'><strong>ipsius</strong></span> <span class='ocrx_word' id='word_1_440' title='bbox 751 2379 883 2408; x_wconf 79' lang='lat' dir='ltr'><strong>crucifixi</strong></span> <span class='ocrx_word' id='word_1_441' title='bbox 906 2383 936 2408; x_wconf 86' lang='lat' dir='ltr'><strong>et</strong></span> <span class='ocrx_word' id='word_1_442' title='bbox 960 2378 1100 2408; x_wconf 55' lang='lat' dir='ltr'><strong>crucem-‘4</strong></span> <span class='ocrx_word' id='word_1_443' title='bbox 1121 2395 1158 2400; x_wconf 88' lang='lat'><strong>-—</strong></span> <span class='ocrx_word' id='word_1_444' title='bbox 1184 2381 1226 2410; x_wconf 89' lang='lat' dir='ltr'><strong>Es</strong></span> <span class='ocrx_word' id='word_1_445' title='bbox 1253 2382 1329 2421; x_wconf 67' lang='lat' dir='ltr'><strong>frfigt</strong></span> <span class='ocrx_word' id='word_1_446' title='bbox 1354 2386 1417 2415; x_wconf 80' lang='lat' dir='ltr'><strong>sich</strong></span> <span class='ocrx_word' id='word_1_447' title='bbox 1436 2395 1499 2423; x_wconf 88' lang='lat' dir='ltr'><strong>nur,</strong></span> 
     </span>
    </p>
   </div>
  </div>
 </body>
</html>
