1653 2564
698 67 957 102 -161—

787 170 885 202 230.

634 236 678 266 Do
697 235 820 267 Artium
841 234 1025 267 conditione.

175 303 206 335 1.
232 302 361 334 Artium
387 303 535 348 dignitas,
859 307 890 339 2.
916 305 976 345 Qui
998 313 1083 336 nunc
1104 303 1273 337 infantium

280 359 361 389 quac
383 351 520 390 primum
546 351 655 395 viguit,
963 360 1053 383 more
1075 351 1257 384 balbutiunt

232 396 409 429 Modernae
432 398 510 430 vitio
916 399 961 431 Et
984 399 1069 439 vulgi
1096 398 1193 438 digito

283 445 446 476 doctrinae
470 446 573 487 viluit,
963 446 1134 478 monstrari
1158 445 1298 488 cupiunt,

235 490 322 530 Quae
344 494 393 523 tot
415 492 587 524 involucris
918 493 1065 526 Colantes
1091 493 1221 525 culicem

280 538 449 571 verborum
475 538 602 581 diffluit,
967 541 1118 573 camelum
1142 541 1289 582 glutiunt,

281 586 345 618 Tot
368 586 489 629 circuit,
967 589 1053 628 Quae
1076 588 1222 620 nesciunt

283 633 374 672 Quod
399 643 434 665 se
460 634 604 666 destituit
964 635 1025 668 Vel
1049 642 1128 675 quae
1151 644 1214 667 non
1237 635 1374 674 capiunt,

282 680 329 712 Et
351 681 433 712 nihil
458 684 579 715 certum
605 681 767 714 construit.
967 682 1196 722 Blasphemant
1209 681 1479 716 veltranssiliunt.

574 738 606 770 3.
633 737 728 770 Tales
754 737 955 770 concelebrat

676 793 871 824 praeconum
895 786 996 826 copia,

630 832 749 871 Quibus
777 832 925 864 innititur

677 879 842 911 doctrinae
863 879 976 920 gloria,

629 926 699 959 Nec
732 927 814 958 enim
838 926 976 966 pretium

676 976 817 1006 meretur
840 974 973 1014 propria

675 1020 826 1063 scientia,

677 1067 748 1099 Nisi
776 1068 899 1100 venalia

673 1114 840 1147 Mendicet
863 1122 922 1155 per
951 1112 1110 1153 suffragia.

251 1187 333 1218 Cant.
354 1197 407 1216 ms.
427 1189 509 1216 Petri
529 1189 565 1217 de
585 1188 708 1216 Medicis
730 1196 805 1216 saec.
829 1186 872 1216 13.
913 1188 982 1216 Cod.
1003 1187 1190 1215 Laurentian.
1210 1186 1254 1214 Pl.
1274 1184 1320 1214 29.
1343 1184 1367 1212 1.
1388 1187 1422 1213 A.
1444 1199 1480 1205 υ-

174 1226 245 1255 Cod-
266 1226 522 1261 Guelfenbyteran.
542 1226 755 1255 Helmstadien.
775 1223 839 1254 628.
861 1234 937 1254 saec.
959 1224 1003 1254 13.
1023 1226 1056 1253 B.
1076 1241 1113 1245 -
1134 1224 1191 1252 cfr.
1210 1224 1375 1252 Milchsack
1397 1222 1459 1252 173.

558 1345 747 1378 Exhortatio
769 1345 808 1378 atl
827 1346 946 1378 bellum
965 1353 1097 1377 sacrum.

172 1484 202 1516 1.
231 1482 403 1523 Crucifigat
426 1492 533 1515 omnes
858 1485 889 1516 2.
916 1483 940 1515 O
964 1490 1056 1523 quam
1083 1481 1193 1521 dignos
1218 1481 1332 1522 luctus,

227 1530 357 1563 Domini
383 1539 460 1563 crux
485 1531 596 1571 altera,
912 1530 1049 1562 Exsulat
1080 1538 1137 1561 rex
1161 1528 1308 1571 omnium,

227 1577 322 1611 Nova
347 1577 466 1611 Christi
494 1579 637 1619 vulnera,
913 1577 1052 1609 Baculus
1076 1576 1220 1609 fidelium

228 1625 337 1658 Arbor
361 1624 537 1668 salutifera,
915 1624 1057 1657 Sustinet
1081 1624 1288 1666 opprobrium

274 1673 442 1705 Perditum
463 1673 667 1713 sepulchrum
958 1672 1071 1705 Gentis
1094 1670 1245 1711 infidelis,

228 1719 314 1753 Gens
339 1721 454 1753 evertit
479 1724 589 1753 extera
914 1719 1007 1753 Cedit
1030 1720 1116 1760 parti
1141 1719 1282 1759 gentium

274 1768 430 1809 Violente‚
958 1768 1038 1800 Pars
1062 1767 1171 1800 totalis

274 1816 374 1848 Plena
398 1817 492 1857 gente
958 1815 1031 1848 Jam
1054 1815 1172 1856 regalis

275 1863 350 1895 Sola
371 1863 463 1895 sedet
486 1863 607 1903 civitas,
1004 1863 1043 1896 In
1067 1863 1134 1895 luto
1161 1864 1193 1894 et
1215 1862 1317 1894 latere

274 1910 361 1950 Agni
385 1908 498 1942 foedus
956 1911 1002 1943 Et
1023 1910 1160 1950 laborat,

273 1957 372 1998 Rapit
394 1956 525 2000 hoedus,
957 1957 1066 1989 Tellus
1091 1958 1198 1998 plorat

272 2005 384 2038 Plorat
407 2013 483 2037 oves
502 2004 648 2045 perditas
1004 2004 1141 2044 Moysen
1163 2003 1323 2036 fatiscere.

225 2053 351 2093 Sponsa
375 2052 460 2096 Sion,
486 2052 669 2087 immolatur
912 2052 1026 2094 Homo,
1051 2051 1113 2084 Dei
1136 2052 1299 2092 miserere,

222 2101 377 2140 Ananias,
402 2100 589 2133 incurvatur
911 2099 986 2138 Fili,
1017 2100 1118 2138 patris
1141 2100 1193 2139 jus
1218 2101 1318 2138 tuere,

225 2147 332 2182 Cornu
357 2148 474 2187 David,
500 2146 681 2189 flagellatur
910 2147 948 2179 In
968 2147 1091 2180 incerto
1117 2149 1238 2179 certum
1261 2154 1387 2186 quaere,

269 2197 421 2236 Mundus,
957 2194 1057 2228 Ducis

222 2244 275 2278 Ab
301 2244 430 2285 injustis
455 2242 635 2283 abdicatur,
910 2242 1035 2275 Ducum
1062 2242 1145 2275 dona
1168 2250 1352 2282 promerere

222 2294 286 2327 Per
315 2300 407 2333 quem
429 2292 515 2331 juste
536 2290 701 2331 judicatur
909 2290 954 2322 Et
977 2291 1102 2323 lucrare
1126 2290 1228 2323 lucem
1253 2298 1348 2323 verae

266 2340 418 2375 Mundus.
947 2338 1054 2371 Lucis.

218 2401 342 2429 Dreves,
359 2399 486 2424 Cantiones
503 2398 528 2421 et
540 2397 635 2422 Mutati.
665 2395 696 2420 11.
1249 2392 1282 2421 11
