1653 2564
707 108 937 145 -70—

176 207 207 240 3.
233 205 295 238 Sed
319 205 353 239 in
378 215 491 239 vanum
516 209 622 238 versat
645 215 782 248 manum,
854 207 885 238 5.
911 205 957 237 Ut
981 208 1030 237 est
1052 204 1215 247 seriptum,
1239 205 1274 238 in
1293 206 1473 247 Aegyptum

281 254 368 292 Quod
395 252 481 293 facit,
509 256 557 285 est
578 253 713 293 irritum,
957 252 1101 285 Duxerat
1125 254 1349 294 transpositum

231 300 372 340 Namque
399 300 467 331 dire
491 302 559 332 vult
583 299 689 340 ferire,
910 299 1030 338 Joseph
1053 301 1155 339 pater,
1182 300 1269 338 virgo
1293 302 1404 338 mater,

279 346 350 378 Non
376 349 424 378 est
449 347 477 378 ei
502 347 633 379 licitum.
957 345 1046 377 Sicut,
1070 348 1138 377 erat,
1163 345 1327 377 creditum.

175 405 207 436 4.
232 403 342 436 Lictor
366 403 468 435 saevit.
490 412 550 435 nee
573 403 716 442 implevit
852 393 896 424 ΒΡ
913 392 983 424 Sint
1002 391 1140 424 infantes
1166 391 1361 431 festivam&

278 451 430 483 pat-orem
454 450 650 492 indomitum,
910 439 955 471 Et
978 448 1109 471 sonorus
1134 440 1252 478 psallat,
1277 438 1400 477 chorus,

231 496 330 538 Ferit,
354 500 480 528 truncat
505 500 537 528 et
560 497 697 529 aduncat
910 485 979 517 Nec
1004 485 1145 527 desistat,
1172 487 1228 518 sed
1254 486 1382 538 iIJSiSta'ss

275 543 398 576 Morem
424 547 550 583 praeter
571 544 707 575 solitum.
957 533 1090 565 Dffl-oem
1112 531 1199 564 ferre
1215 535 1360 566 SOssl'fflm·

249 617 316 644 Cod.
337 618 462 645 Parisin.
486 616 534 652 (01.
555 616 731 652 Martialen.)
754 614 837 645 3719.
864 625 939 645 saec.
970 615 1012 644 12.
1032 631 1070 636 —-
1090 614 1120 652 3,
1146 616 1164 645 3
1185 618 1271 645 Lies:
1301 617 1376 644 Nam
1397 616 1474 651 quod

172 655 253 683 dire?
274 670 309 674 —
329 654 356 689 4,
377 654 396 683 4
415 657 460 682 est
479 655 558 682 fehlt.

771 795 869 825 104.

174 873 204 905 1.
228 871 323 912 Ecce,
347 873 412 911 jam
439 872 577 905 celebria
851 875 883 906 3.
907 872 994 912 Ergo
1020 881 1086 912 vos,
1113 881 1131 903 o
1157 873 1247 914 socii,

231 918 377 950 Redeunt
398 919 559 960 solemnia,
908 920 980 952 Non
1006 922 1054 951 est,
1077 921 1201 959 tempus
1226 919 1293 958 otii,

230 966 348 1003 Quibus
373 966 433 998 Dei
457 967 567 998 unicus
909 966 1036 998 Summa
1061 975 1130 997 cum
1153 966 1277 998 laetitia

230 1012 331 1044 Natus
357 1016 406 1044 est
428 1012 606 1045 humanitus
910 1013 1027 1045 Christi
1056 1014 1194 1045 natilitia

230 1059 360 1099 Absque
383 1059 442 1092 viri
469 1061 587 1092 semine
911 1059 1113 1092 Celebrantes
1137 1061 1260 1100 pariter

234 1106 285 1138 Ex
308 1106 433 1138 illibata,
457 1107 587 1146 virgine.
910 1107 1086 1140 Jubilemus
1110 1107 1310 1140 unanimiter.

174 1153 217 1185 R<⁷
231 1152 360 1185 Domini
384 1153 532 1185 nativitas
851 1155 890 1186 RC
910 1153 1038 1186 Domini
1062 1155 1210 1186 nativitas

233 1199 311 1232 {Iure
330 1201 430 1232 nostri
456 1203 504 1232 est
524 1200 716 1240 jucunditas.
910 1202 989 1233 Jure
1012 1201 1113 1233 nostri
1139 1204 1186 1233 est
1207 1201 1400 1241 jucunditas.

177 1259 208 1289 2.
235 1257 297 1289 Pro
325 1257 411 1296 cujus
436 1256 557 1289 invidia
853 1259 885 1290 4.
910 1257 954 1289 Et
978 1264 1022 1300 tu,
1049 1259 1150 1289 lector
1173 1257 1293 1297 inclite,

232 1303 370 1335 Herodis
396 1304 527 1335 saevitia
911 1304 994 1336 Jube
1020 1305 1133 1337 domne
1156 1305 1271 1345 incipe,

234 1350 314 1383 Sunt,
336 1350 491 1382 infantum
515 1350 652 1390 plurima
910 1351 1053 1383 Laudem
1076 1352 1129 1382 1110
1151 1352 1186 1383 in
1208 1352 1351 1392 parvulis

234 1398 408 1430 Trucidata
430 1398 529 1437 milia,
913 1398 972 1436 Qui
997 1402 1138 1431 emerunt
1159 1399 1288 1439 Jugulis,

236 1444 317 1482 Quos
344 1445 452 1476 divina
475 1445 578 1484 gratia
911 1445 956 1477 Ut
979 1445 1152 1477 transirent
1176 1447 1217 1478 ad
1242 1446 1374 1485 gloriam

237 1491 322 1523 Coeli
348 1492 439 1524 duxit
462 1492 503 1523 ad
527 1491 656 1532 palatia.
911 1492 1082 1525 Terrenam
1104 1501 1162 1532 per
1187 1493 1361 1526 victoriam.

251 1567 338 1595 Grad.
363 1576 415 1594 ms.
435 1566 645 1602 Mosburgense
669 1568 738 1594 anni
766 1564 846 1593 1360.
884 1566 952 1595 Cod.
973 1567 1060 1595 Univ.
1080 1567 1232 1595 Monaeen.
1261 1566 1323 1595 157.
1349 1583 1386 1587 —
1406 1567 1475 1594 Auf-

176 1605 291 1632 schrift:
311 1605 347 1632 In
367 1605 414 1632 die
435 1607 600 1632 sanctorum
619 1605 826 1632 innocentium.

776 1743 872 1774 105.

613 1818 655 1850 De
675 1826 699 1849 s.
719 1818 859 1850 Johanne
878 1818 1032 1858 Baptista.

203 1899 252 1931 1a.
280 1898 401 1930 Psallat,
426 1906 555 1930 concors
581 1898 767 1938 symphonia
879 1898 931 1931 lb.
957 1899 1046 1938 Euge
1073 1898 1173 1930 dulcis
1198 1897 1364 1938 euphonia,

329 1945 471 1978 Laudem
485 1946 604 1979 Christi
621 1946 797 1985 praeconis,
1009 1946 1115 1984 Pange
1127 1946 1290 1985 rhythmos
1305 1953 1374 1976 cum
1382 1944 1475 1976 tonis.

202 2024 254 2054 221.
279 2021 406 2054 Laudat
429 2021 542 2053 chorus
568 2022 733 2062 organicus
878 2021 932 2054 21).
958 2021 1003 2053 Et
1032 2021 1167 2062 plaudat
1190 2021 1290 2054 omnis
1311 2021 1431 2061 lyricus

332 2070 393 2101 Per
417 2077 529 2108 graves
554 2068 593 2101 ab
617 2069 717 2100 acutis
1009 2069 1048 2100 In
1071 2069 1208 2101 modulis
1232 2069 1361 2109 argutis.

203 2146 252 2177 3a.
280 2143 391 2175 Suavis
417 2146 507 2175 sonet
529 2145 693 2176 harmonia
880 2143 933 2177 3b.
960 2144 1034 2176 Sine
1060 2144 1126 2177 doli
1149 2144 1290 2186 lascivia,

328 2190 446 2222 Dulces
470 2191 579 2232 melos,
1010 2192 1074 2224 Sed
1098 2192 1222 2231 gaudiis

378 2238 495 2270 Vocem
516 2237 735 2277 jucunditatis,
1056 2238 1180 2277 Ignitae
1204 2238 1355 2272 caritatis,

204 2314 254 2346 43..
281 2313 445 2345 Accendat
466 2322 523 2344 nos
548 2320 729 2351 empyreum
880 2312 934 2346 412.
962 2313 1024 2345 Cor
1049 2317 1081 2345 et
1103 2314 1267 2348 illustrans
1292 2314 1417 2354 igneum

330 2360 469 2391 Pneuma
494 2368 583 2391 sacro
608 2357 730 2398 fulgore
1010 2360 1124 2392 Divino
1149 2361 1207 2392 sub
1232 2360 1356 2393 ardore.
