1653 2566
712 89 969 124 0—125—

590 186 621 218 3.
648 184 712 216 Sed
738 188 827 217 tanta
851 185 1004 217 severitas

691 231 801 264 Movet
824 232 902 263 mihi
923 232 1071 271 jurgium,

645 278 728 310 Nam
752 279 828 319 scio,
855 279 938 319 quod
962 278 1080 310 veritas

694 324 827 366 Semper
850 326 937 366 parit
961 326 1078 365 odium,

694 371 737 404 Et
763 373 845 412 quod
871 376 976 404 terrae
1001 372 1113 404 solium

695 419 797 451 Tenet
820 419 1055 451 adversantium

648 467 813 499 Venenosa
836 467 960 507 levitas,

692 512 777 545 Dum
801 514 984 553 praetendit
1006 512 1138 552 pallium

647 560 812 592 Triturata
836 560 971 594 falsitas,

648 606 740 639 Licet
762 607 1014 649 adversantibus,

698 654 857 694 Quidquid
882 655 1001 696 volunt,
1030 654 1146 693 dicere,

649 700 784 733 Domum
808 702 912 733 solent
935 701 1052 733 talibus

698 748 772 780 Plus
798 758 891 788 quam
915 748 977 780 sibi
1002 749 1133 780 credere

697 796 876 828 Potestates
901 796 1044 828 miserae.

197 915 223 942 D
273 877 359 942 Οἰιῐιῒὲ
376 887 429 906 ms.
443 879 525 906 Petri
544 879 580 907 de
592 879 716 906 Medicis
737 888 804 908 saec
836 879 878 910 123.
902 879 1173 907 Co‹1.La111·entian.
1189 877 1232 904 Pl.
1253 874 1298 903 29.
1324 873 1348 902 1.
1362 889 1398 894 —
1413 877 1431 902 2:
1463 871 1497 901 12

226 924 242 943 e
263 924 294 943 so
309 924 345 943 en
361 936 366 942 .

805 1069 898 1099 181.

672 1140 716 1172 De
735 1141 880 1173 Veritate
901 1140 1016 1172 exsule.

199 1222 228 1254 1.
255 1221 328 1260 Dio,
355 1220 474 1253 Christi
498 1222 625 1264 veritas,
880 1223 909 1253 2.
937 1221 1116 1260 Respondit
1134 1220 1266 1252 caritas:

255 1268 327 1308 Dio,
354 1277 430 1300 cara
453 1269 579 1308 raritas,
936 1268 1050 1306 Homo,
1076 1268 1152 1308 quid
1178 1267 1313 1305 dubitas,

256 1315 328 1355 Dic,
354 1324 429 1348 rara
453 1316 579 1354 caritas»,
941 1315 1022 1354 Quid
1046 1324 1096 1347 me
1120 1314 1296 1346 sollicitas?

255 1362 319 1395 Ubi
343 1372 428 1395 nuno
451 1361 603 1395 habitas?
938 1362 1010 1394 Non
1037 1371 1115 1400 sum,
1143 1370 1203 1401 quo
1228 1359 1386 1400 mussitas,

301 1411 369 1442 Aut
392 1411 424 1441 in
450 1411 535 1441 valle
561 1409 702 1451 visionis,
984 1409 1054 1441 Neo
1075 1411 1107 1441 in
1127 1409 1215 1441 Euro
1241 1415 1300 1438 neo
1321 1406 1355 1436 in
1374 1406 1502 1443 Austro,

303 1458 368 1488 Aut
392 1458 425 1489 in
450 1458 564 1489 throno
589 1456 775 1489 Pharaonis*
985 1456 1054 1488 Neo
1077 1458 1111 1489 in
1136 1455 1205 1488 foro
1226 1454 1335 1486 necin
1353 1452 1502 1490 elaustro,

253 1506 319 1536 Aut
343 1504 377 1535 in
400 1505 465 1536 alto
492 1513 561 1536 cum
586 1503 724 1545 Nerone,
937 1504 1006 1536 Nee
1029 1504 1062 1535 in
1088 1505 1183 1544 bysso
1208 1502 1259 1535 vel
1285 1500 1417 1540 cuculla,

252 1553 319 1584 Aut
342 1551 376 1582 in
399 1555 491 1584 antro
518 1560 587 1583 cum
612 1551 755 1592 Theone,
936 1552 1005 1583 Neo
1028 1552 1062 1583 in
1084 1552 1169 1583 bello
1194 1550 1245 1583 vel
1269 1549 1302 1580 in
1326 1547 1432 1589 bulla,

300 1599 364 1632 Vel
387 1600 420 1631 in
444 1598 568 1631 fiscella
588 1599 724 1638 scirpea,
988 1600 1033 1631 De
1058 1598 1186 1633 Jericho
1211 1606 1281 1629 sum
1305 1595 1433 1627 veniens

349 1647 427 1680 Cum
452 1647 567 1687 Moyse
591 1646 747 1688 plorante,
1032 1647 1167 1679 Plorans
1193 1654 1262 1677 cum
1288 1642 1439 1681 sauciato,

303 1694 361 1725 Vel
385 1695 419 1726 in
446 1695 538 1727 domo
563 1694 719 1726 Romulea
986 1694 1077 1733 Quod
1104 1694 1223 1733 duplex
1239 1691 1320 1724 Levi
1344 1690 1497 1722 transien.c

351 1741 427 1774 Cum
457 1742 546 1774 bulla
570 1740 783 1774 fulminantes
1031 1741 1104 1774 Non
1128 1740 1253 1773 adstitit
1277 1738 1419 1780 grabato.

536 1829 567 1860 3.
595 1827 620 1859 Ο
647 1835 708 1858 vox
729 1828 904 1867 prohetica‚

591 1874 616 1906 O
643 1873 781 1914 Nathan,
808 1875 969 1915 praedica,

591 1921 694 1960 Culpa
718 1921 878 1954 Davidioa

593 1968 687 2000 Patet
710 1977 772 2000 non
797 1969 939 2000 modica!

638 2014 727 2046 Dicit
751 2015 896 2046 Nathan:
923 2023 986 2046 non
1013 2013 1154 2045 clamabo

641 2060 753 2100 Neque
777 2062 880 2094 David
908 2062 1071 2101 planctum
1099 2061 1190 2102 dabo,

595 2108 672 2140 Cum
697 2108 740 2140 sit
766 2108 885 2141 Christi
909 2111 1004 2148 rupta
1028 2108 1136 2148 vestis,

594 2157 713 2189 Contra
738 2156 898 2190 Christum
925 2156 1068 2187 Christus
1093 2156 1201 2187 testis:

641 2203 716 2243 Vae,
744 2212 801 2236 vae
827 2203 924 2246 vobis,
953 2203 1147 2244 hypocritae,

689 2250 749 2289 Qui
778 2251 907 2282 culicem
934 2250 1056 2288 colatis,

642 2298 728 2337 Quae
754 2298 898 2331 Caesaris
923 2301 1006 2340 sunt,
1032 2299 1169 2339 reddite,

689 2346 736 2380 Ut
761 2346 887 2379 Christo
912 2346 1069 2383 serviatis„
