1653 2564
715 92 952 126 -29-

554 186 586 219 7.
610 186 747 226 Ocelum,
774 190 862 219 terra
880 187 997 227 jubilat

608 233 652 265 Et
676 234 760 273 quod
783 234 817 266 in
842 235 887 266 eis
913 234 1045 276 habitat,

606 280 652 312 Et
674 290 732 313 nos
756 290 840 313 nunc
865 290 933 313 cum
959 282 1074 321 gaudio

608 327 839 360 Benedieamus
863 328 998 360 Domino

606 374 748 413 Alleluja
771 375 949 413 psallendo.

266 464 345 492 Orat.
367 473 419 492 ms.
441 473 516 493 saec.
540 463 583 493 15.
624 465 693 493 God.
714 466 790 493 Mus.
810 465 1040 495 Hildesheimen.
1061 465 1130 503 3803
1152 467 1205 494 mit
1222 467 1363 494 Neumen.

803 615 868 646 27.

186 708 215 741 1.
243 709 457 754 GratuIemur,
869 713 901 746 3.
924 712 1111 744 Resurrexit

290 757 357 789 dies
384 760 432 789 est
455 757 608 798 laetitiae,
974 768 1073 800 agnus
1098 757 1201 791 factus
1224 757 1337 797 hostia,

242 804 431 836 Resurrexit
926 806 1033 838 Morte
1056 815 1113 838 sua

290 860 385 884 verus
409 854 519 892 pastor
542 851 650 894 hodie,
973 856 1084 885 nostra
1103 851 1259 885 mundans
1283 851 1371 889 vitia,

245 898 303 937 Qui
328 908 386 931 nos
413 900 495 931 dono
928 900 994 932 Nos
1019 900 1059 932 ad
1085 901 1169 932 vitae

292 945 480 978 reformavit
508 946 638 986 gratiae.
976 948 1138 979 revocavit
1161 946 1312 985 praemia.

182 992 227 1024 R?
244 993 433 1025 Resurrexit
463 995 495 1025 et
519 993 641 1025 revexit
867 995 912 1026 R0
929 995 1116 1027 Resurrexit
1140 996 1171 1026 et
1196 993 1302 1024 evexit

289 1040 458 1072 Hominem
484 1040 524 1072 ad
550 1041 699 1081 patriam,
973 1042 1142 1073 Hominem
1165 1040 1208 1072 ad
1232 1040 1378 1080 patriam,

243 1087 342 1126 Quem
367 1088 494 1120 seduxit
520 1090 550 1119 et
575 1088 728 1127 perduxit
926 1090 1024 1128 Quem
1049 1088 1176 1120 seduxit
1201 1089 1233 1118 et
1256 1087 1410 1126 perduxit

292 1134 401 1167 Hostis
426 1136 467 1167 ad
493 1135 664 1169 miseriam.
973 1136 1082 1168 Hostis
1107 1136 1148 1168 ad
1173 1134 1341 1167 miseriam.

184 1221 216 1251 2.
242 1220 443 1260 Resurrexit‚
868 1222 900 1254 4.
927 1221 1013 1261 Ergo
1038 1230 1120 1261 pura

290 1267 406 1307 quique
431 1267 512 1300 mori
538 1270 679 1306 venerat,
974 1271 1083 1299 nostra
1107 1268 1149 1299 sit
1174 1266 1310 1306 devotio,

241 1314 288 1346 Ut
313 1314 445 1356 deleret,
927 1314 972 1347 Ut
996 1315 1155 1355 redempti

289 1362 374 1401 quod
400 1362 499 1393 hostis
524 1361 686 1403 intulerat,
974 1372 993 1394 a
1016 1363 1127 1394 mortis
1152 1361 1320 1402 supplicio,

244 1408 295 1440 Ne
318 1409 448 1449 periret,
926 1410 1102 1441 Benedicat

289 1456 374 1496 quod
398 1456 487 1496 prius
513 1456 682 1489 ceciderat.
974 1459 1063 1489 tanto
1087 1456 1149 1488 Dei
1172 1454 1248 1488 filio.

258 1548 328 1576 Cod.
355 1548 561 1584 Cantabrigen.
581 1549 625 1576 Ff.
645 1549 661 1576 I
687 1547 730 1576 17.
751 1549 816 1576 add.
838 1557 912 1577 saec.
936 1547 979 1577 13.

807 1696 872 1729 28.

182 1796 212 1830 J..
239 1796 444 1828 Exsultemus
870 1797 901 1829 3.
927 1795 978 1828 Ex
1005 1796 1152 1836 Aegypto

287 1846 320 1875 et
343 1844 498 1875 laetemur
523 1842 629 1883 hodie,
976 1844 1127 1885 captivati
1150 1841 1285 1883 fugiunt,

239 1891 318 1923 Dies
342 1891 406 1923 ista
926 1890 970 1922 Et
993 1891 1035 1923 ad
1061 1891 1157 1923 vitam

292 1938 360 1970 dies
386 1940 435 1969 est
458 1936 610 1977 laetitiae,
973 1940 1156 1977 peccatores
1181 1938 1324 1979 redeunt,

240 1985 394 2025 Alleluja,
928 1985 1079 2024 Alleluia,

289 2031 466 2064 resurrexit
491 2030 654 2064 Dominus.
975 2032 1149 2063 resurrexit
1172 2030 1336 2062 Dominus.

179 2121 211 2153 2.
237 2118 433 2152 Exsultandi
866 2117 898 2150 4.
928 2117 1072 2150 Christus
1096 2118 1205 2156 portas

285 2169 318 2198 et
342 2165 485 2198 laetandi
510 2166 635 2203 tempus
661 2167 718 2204 est,
972 2164 1148 2196 aeternales
1175 2163 1274 2195 diruit

237 2214 364 2247 Pascha
391 2215 535 2245 nostrum
925 2212 972 2244 Et
997 2212 1131 2253 captivis

290 2261 435 2294 Christus
459 2258 641 2291 immolatus
666 2261 724 2299 est,
971 2259 1153 2291 libertatem
1177 2258 1299 2299 tribuit,

239 2310 391 2349 Alleluia,
927 2307 1077 2348 Alleluja‚

287 2356 464 2393 resurrexit
486 2354 653 2388 Dominus,
975 2355 1152 2392 resurrexit
1176 2354 1339 2390 Dominus.
