1653 2566
136 274 166 306 1.
191 274 318 306 Pudore
343 274 478 309 femineo

240 322 344 354 deleto
370 332 523 364 moerore,

191 369 355 401 Picturato
380 370 448 402 lilio

237 425 391 457 roseoque
419 416 507 458 flore,

193 464 278 504 Agni
306 473 423 503 sponsa
446 465 586 497 nascitur

237 511 413 551 praemisso
438 512 558 552 labore,

669 94 903 131 -79—

737 208 831 240 117.

816 280 847 311 2.
873 279 911 311 In
940 278 1083 311 cavernis
1108 276 1212 308 latitat

920 328 1077 366 'tamquam
1101 324 1253 366 bestialiS,

874 373 991 406 Herbis
1017 375 1048 404 et
1071 371 1232 403 radicibus

920 419 1019 452 fames
1049 419 1201 451 naturalis

875 467 1022 510 Sedatur‚
1047 474 1127 506 quae
1150 465 1296 504 primitus

920 513 1025 546 fuerat
1048 512 1168 555 localis,

871 560 942 593 Jam
967 570 1028 593 non
1054 558 1330 599 comprehenditur

919 608 1038 649 angelis
1063 607 1191 640 sodalis

190 559 289 597 Quam
315 559 451 598 sumpsit
475 561 624 591 extraneo

236 605 431 645 Magdalena
455 615 552 638 more.

531 681 563 713 3.
590 681 753 714 Sordidati
777 683 907 715 crimine

635 730 758 761 veniam
781 733 935 769 petamus,

586 775 639 807 Ad
662 777 830 808 coelestem
855 778 1011 810 medicum

636 824 698 855 cito
723 833 932 866 recurramus,

586 870 632 903 Ut
656 873 815 903 consortes
841 871 938 904 faciat

634 917 767 958 Mariae,
793 921 946 958 petamus,

588 964 683 996 Dicat
708 965 808 996 omnis
833 967 985 1005 populus:

634 1012 702 1043 Deo
727 1012 959 1044 benedicamus.

207 1094 295 1130 Trop.
316 1103 370 1122 ms.
391 1103 466 1122 saec.
489 1093 533 1124 13.
567 1095 637 1124 God.
660 1094 860 1132 Stuttgartien.
883 1096 947 1123 ΗΒ.
967 1097 983 1123 Ι
1002 1096 1067 1124 Asc.
1088 1093 1132 1123 95.

740 1246 834 1277 118.

468 1309 613 1341 Planctus
634 1310 836 1350 llIagdalenae
858 1310 896 1341 ad
916 1309 1009 1349 pedes
1029 1310 1110 1340 Jesu.

136 1379 152 1410 1
167 1387 196 1410 a.
222 1378 318 1410 Flere
341 1378 422 1410 libet

267 1434 305 1456 ac
328 1424 406 1457 fiere
432 1426 543 1466 debeo,

222 1472 320 1504 Flere
343 1473 432 1513 libet7

268 1520 343 1552 dum
367 1523 492 1560 tempus
519 1520 632 1561 habeo,

219 1567 317 1598 Flere
341 1567 430 1607 libet,

268 1614 342 1647 dum
366 1614 443 1646 fletu
468 1615 556 1647 valeo

315 1662 441 1695 Fletum
467 1671 667 1702 compescere
676 1673 684 1705 3

134 1730 153 1760 2
166 1737 193 1759 a.
220 1728 299 1761 Jure
322 1727 382 1760 fleo

269 1776 397 1808 conscia
420 1776 585 1818 scelerum,

220 1823 339 1862 Quibus
363 1826 475 1863 pectus

267 1870 367 1902 imbui
391 1873 545 1914 tenerum,

220 1918 340 1956 Quibus
364 1926 477 1957 corpus

268 1964 390 2004 subjeci
414 1965 562 1996 miserum

315 2011 379 2044 Vix
407 2012 530 2053 genita3

134 2081 194 2112 321.
223 2079 275 2110 Ad
301 2080 343 2118 te,
370 2079 448 2111 Jesu

268 2126 414 2167 benigne,
441 2125 544 2166 venio,

221 2173 274 2206 Ad
299 2173 456 2205 medicum

269 2230 365 2262 aegra
391 2219 548 2261 confugio,

221 2269 272 2301 Ne
298 2269 487 2301 condemnes

272 2317 399 2357 dignam
426 2315 593 2358 supplicio,

314 2364 411 2397 Pater
435 2364 498 2404 pie.

815 1380 832 1413 1
847 1380 878 1414 b.
904 1380 1015 1411 Fletus
1040 1380 1100 1410 istc

948 1427 1056 1466 prodit
1083 1434 1122 1456 ex
1146 1425 1275 1466 intimis,

901 1474 1002 1506 Dolor
1025 1474 1135 1513 ingens

951 1521 1007 1553 dat
1030 1521 1092 1552 iter
1116 1519 1266 1560 lacrimis,

905 1569 964 1608 Qui
990 1568 1029 1600 de
1055 1568 1157 1599 causis

949 1614 1096 1655 procedit
1123 1614 1268 1654 plurimis

995 1663 1031 1694 In
1059 1662 1154 1694 corde
1177 1662 1320 1696 miserae.

818 1730 878 1762 2b.
906 1729 978 1761 Non
1003 1731 1137 1768 apparet

949 1777 1102 1808 malorum
1129 1776 1278 1815 cumulus,

904 1824 1011 1857 Omnis
1036 1824 1068 1855 in
1093 1831 1144 1854 me

947 1871 1062 1912 caligat
1086 1870 1204 1910 oculus,

902 1919 979 1951 Plus
1006 1917 1156 1957 commisi,

950 1975 1042 2005 quam
1066 1964 1176 1996 credat
1199 1966 1343 2005 populus,

997 2011 1124 2044 Illicita.

817 2079 878 2111 3b.
905 2079 953 2110 Tu
978 2080 1160 2119 figmentum

950 2129 1098 2166 expertus
1122 2125 1266 2163 hominis,

903 2173 992 2205 Laxa
1015 2173 1093 2213 justi

950 2221 1073 2261 pondus
1099 2220 1250 2252 examinis

902 2268 946 2300 Et
969 2269 1093 2301 dimitte

949 2319 1072 2348 reatum
1101 2315 1251 2355 criminis,

997 2365 1083 2397 Fons
1107 2363 1228 2396 veniae.
