1653 2564
196 244 226 256 0.
253 222 319 254 Nos
345 230 383 254 ex
407 216 602 261 imperfecto,

257 269 319 301 Sed
345 277 400 300 vos
424 268 457 299 in
482 265 606 304 objecto

256 316 393 348 Crimine
419 314 541 346 detecto

253 363 394 394 Tramite
418 368 479 392 non
505 362 591 390 recto

714 124 972 161 —154—

876 222 907 254 6.
934 221 1015 259 Quid
1041 222 1292 265 praemeditaris,

933 268 1023 306 Quod
1047 272 1082 299 tu
1108 267 1321 309 confundariS,

934 314 993 353 Qui
1019 315 1059 346 de
1083 315 1182 346 sacris
1207 316 1270 347 aris

933 360 1008 392 Plus
1034 364 1066 392 ct
1089 362 1160 401 plus
1184 362 1329 403 lucraris,

931 407 1066 439 Reditus
1089 410 1240 440 mercaris

977 454 1022 486 Et
1044 455 1220 495 hydropico

930 500 1062 541 Semper
1087 504 1278 542 coaequaris,

252 409 361 440 Nostis
384 409 424 440 de
447 406 599 446 subjecto,

300 456 382 494 Quid
406 455 459 485 hic
484 462 595 484 causae
618 454 676 494 sit3

252 502 323 534 Duo
350 505 421 533 sunt
445 500 479 532 in
502 500 595 533 lecto,

194 571 225 603 4.
250 568 357 600 Rebus
380 570 414 598 in
440 566 582 598 humanis

250 615 333 647 Vani
355 613 512 654 plaudunt
536 613 633 654 vanis,

251 661 399 694 Pontifex
425 660 561 698 decanis,

249 709 371 741 Decani
395 706 540 747 plebanis

251 756 301 788 De
325 756 389 787 suie
415 754 556 795 arcanis3

297 803 367 834 Hoc
392 806 439 833 est
462 801 641 843 maximum,

251 850 340 890 Quod
365 859 426 881 non
453 849 545 880 detur
568 849 670 888 panis.

194 931 224 949 υ.
251 916 306 947 Nil
333 916 430 948 distat
453 923 473 945 a
498 922 581 955 vero,
872 917 904 950 g,

250 963 340 1002 Quod
363 963 396 993 in
421 961 505 994 omni
529 961 612 993 clero

249 1011 337 1043 Faex
362 1012 410 1041 est
433 1009 532 1040 mixta
555 1017 652 1052 mero,

250 1057 454 1090 Constantino
483 1055 579 1095 Nero,

248 1104 333 1135 Proh
360 1104 459 1144 dolor,
484 1105 520 1133 ut
542 1110 646 1141 spero,

296 1151 386 1190 Quod
410 1160 430 1182 a
451 1150 575 1182 vineam

251 1198 364 1230 Omnes
390 1199 463 1229 eant
486 1205 566 1229 sero.

871 569 901 601 7.
925 567 1035 599 Turba
1058 568 1191 609 laicalis,

929 614 1015 652 Quae
1038 624 1096 654 pro
1122 617 1186 647 sm's
1211 617 1302 649 malis

927 661 1043 693 Exstat
1066 663 1242 703 hospitalis,

929 709 1033 749 Vagos
1057 711 1157 741 nutrit
1181 711 1250 751 alis,

930 755 1015 787 Ordo
1041 757 1198 788 clericalis

974 802 1176 843 Elemosyua‚

928 849 1054 890 Nescio,
1083 852 1126 882 sit
1150 852 1259 891 qualis.

930 916 1000 947 Duo
1025 920 1159 956 regnant
1181 917 1277 959 idem,

928 962 1006 1001 Jezi,
1033 963 1138 996 Simon
1163 964 1297 1006 pridem,

929 1009 988 1047 Qui
1012 1008 1174 1050 fregerunt
1198 1010 1304 1050 fidem,

928 1056 975 1087 Tu
1000 1057 1051 1088 vel
1076 1066 1132 1097 ego
1157 1059 1184 1088 si
1209 1058 1289 1095 dem,

927 1103 1039 1135 Mucro
1066 1112 1119 1135 ero
1145 1105 1283 1149 quidem,

972 1149 1168 1182 Simoniacus

927 1197 1028 1237 Unus,
1053 1198 1134 1229 alter
1156 1199 1254 1231 idem.

576 1262 607 1293 9.
634 1261 716 1299 Quid
740 1262 820 1293 haec
842 1262 974 1302 prodest
998 1261 1076 1294 fari!

634 1308 752 1340 Nolunt
779 1310 949 1350 emendari,

637 1355 719 1386 Viles
745 1359 776 1387 et
798 1357 888 1388 avari

635 1402 772 1434 Currant
795 1412 891 1442 passu
915 1403 995 1445 pari,

632 1449 702 1481 Jam
728 1450 796 1481 vult
819 1449 1001 1489 naufragari

676 1496 748 1528 Heu
772 1498 919 1529 navicula

633 1543 768 1575 Simonis
791 1544 826 1575 in
849 1543 939 1576 mari.

265 1621 352 1654 Trop.
381 1628 433 1646 ms.
461 1626 536 1645 saec.
563 1615 609 1645 13.
649 1617 717 1645 Cod.
738 1617 941 1654 Stuttgaffien.
962 1617 1026 1644 HE.
1049 1617 1066 1644 1
1085 1617 1151 1644 Asc.
1177 1616 1223 1645 95.
1251 1632 1288 1636 —
1305 1618 1390 1646 Nach
1407 1616 1446 1651 2,
1470 1616 1489 1644 2

191 1659 239 1685 ein
259 1657 448 1693 cigentliches
470 1652 694 1691 Vagantenlied.

592 1785 633 1815 De
654 1784 763 1823 Pugna
785 1785 893 1815 eontra
912 1783 1089 1815 Luxuriam.

795 1861 882 1892 221.

871 1941 922 1974 lb.
938 1940 1052 1979 Hydra
1081 1940 1194 1972 damno
1221 1942 1356 1980 capitum

987 1988 1087 2019 Facta
1110 1988 1307 2029 locupletior,

986 2034 1078 2067 Omni
1101 2038 1191 2074 peste
1214 2036 1339 2067 saevior

939 2082 1089 2113 Reddere
1112 2082 1283 2114 sollicitum

986 2129 1059 2160 Non
1080 2130 1192 2168 potuit,

987 2176 1083 2214 Quem
1107 2177 1214 2215 puella
1240 2177 1377 2208 domuit:

939 2224 1019 2262 Jugo
1046 2224 1141 2254 cessit
1163 2224 1296 2255 Veneris

938 2270 1007 2309 Vir,
1033 2271 1085 2309 qui
1110 2271 1212 2310 maj0r
1236 2271 1359 2310 superis

940 2316 1065 2348 Coelum
1094 2318 1168 2348 tulit
1191 2317 1330 2348 humeris

986 2364 1119 2396 Atlante
1141 2363 1284 2404 fatigato.

192 1943 240 1974 ia.
257 1942 339 1974 Olim
365 1942 462 1973 sudor
486 1940 633 1972 Herculis

308 1990 455 2022 Monstra
478 1988 543 2019 late
568 1991 743 2030 conterens,

307 2037 416 2068 Pestes
441 2034 526 2067 orbis
548 2034 693 2067 auferens

262 2083 362 2115 Claris
383 2084 476 2124 longe
499 2083 599 2114 titulis

318 2131 453 2169 Enituit,

321 2178 385 2211 Sed
408 2181 513 2209 tamen
539 2175 683 2208 defloruit

262 2225 363 2257 Fama
380 2225 469 2264 prius
496 2224 629 2255 celebris

263 2272 372 2304 Caecis
398 2272 504 2304 clausa
526 2270 658 2302 latebris

263 2320 344 2351 Ioles
367 2318 527 2350 illecebris

309 2367 424 2398 Alcide
449 2365 617 2405 captivato.
