1653 2566
227 245 252 277 O
278 246 394 290 Maria,

226 292 334 325 Mater
361 295 492 338 Christi,
519 297 608 336 virgo
633 298 698 336 pia,

223 339 419 373 Moestorum
445 344 647 381 consolatrix,

226 385 404 426 Pauperum
430 389 571 427 adetrix

179 433 210 465 5.
225 431 465 474 Lapsorumque
488 436 670 476 relevatriX,

223 478 455 520 Languentium
483 484 632 520 curatrix,

223 526 361 558 Nostrae
386 528 498 559 salutis
523 530 676 571 amatrix3

221 574 300 612 Ave,
328 573 474 613 Domina,

221 620 360 653 Deitatis
388 621 512 662 cellula,

153 669 205 701 10.
220 668 310 700 Inter
335 677 442 700 omnes

221 715 368 748 Feminae
396 716 581 755 castissima,

222 762 269 794 Te
293 763 439 803 petimus,
463 767 572 796 nostra

218 809 299 843 Dele
323 811 516 851 peccamina,

224 858 310 896 Quae
333 867 366 890 es
392 858 479 890 coelo
502 859 606 900 altior,

152 906 204 939 15.
220 905 320 937 Terra
344 906 449 944 latior,

222 952 329 984 Stellis
355 954 474 993 purior,

221 1000 346 1039 Abysso
371 999 570 1040 profundior.

221 1047 246 1079 Ο
272 1047 385 1088 Maria,
412 1048 533 1080 cunctis

222 1094 345 1126 Sanctis
372 1104 404 1126 es
427 1096 576 1135 sanctior,

152 1142 206 1173 20.
220 1142 334 1174 Omnes
362 1143 494 1174 virtutes

222 1189 428 1229 Omniumque
453 1190 596 1230 lapidum

218 1237 254 1269 In
279 1239 310 1268 te
337 1238 499 1269 continens

220 1284 325 1324 Atque
350 1287 533 1316 cunctarum

217 1331 396 1364 Herbarum

147 1379 201 1410 25.
218 1378 290 1410 Vim
318 1380 467 1412 retinens,

218 1426 242 1458 O
265 1427 416 1466 J'ucunda,

214 1473 263 1505 Tu
288 1482 320 1505 es
345 1475 455 1505 Aaron
480 1474 614 1513 virgula,

216 1520 302 1558 Quae
327 1521 418 1553 nobis
444 1519 583 1553 fructum
607 1522 695 1554 vitae

215 1567 374 1600 Christum
399 1568 542 1608 protulit.

143 1615 198 1648 30.
213 1615 238 1647 O
266 1615 458 1653 dulcissima,

214 1661 295 1694 Dele
319 1662 513 1701 peccamina,

215 1708 366 1748 Reprime
389 1710 493 1751 noxia,

215 1755 331 1787 Sensus
357 1760 482 1789 nostros
507 1756 611 1796 visita,

213 1802 350 1843 Flagita,

144 1851 199 1883 35.
214 1849 260 1881 Ut
283 1850 399 1890 gaudia

213 1896 435 1929 Possideamus
459 1897 578 1928 coelica

215 1945 293 1977 Post
318 1944 422 1977 carnis
449 1944 603 1976 exsilium.

211 2038 283 2082 EJa,

211 2086 310 2128 Pyxis
335 2085 520 2126 apothecae,

140 2136 194 2169 40.
213 2134 412 2166 Mellicatum

211 2182 373 2223 Cyropum
402 2180 539 2221 propina

211 2228 398 2262 Confectum
423 2230 454 2259 et
480 2227 554 2260 vina

209 2277 433 2317 Sincibratum‚

207 2324 372 2358 Medicina

192 2384 318 2410 Dreves,
335 2382 462 2406 Cautiones
477 2381 502 2404 et
514 2379 611 2404 Mutati.
640 2379 671 2403 11.

783 62 850 98 193
899 83 944 88 —--

784 178 843 210 XI.

843 253 897 284 45.
914 250 1134 284 Confortativa
1160 251 1276 284 divina.

915 298 1019 339 Salve,
1044 298 1111 330 filia
1136 297 1221 337 Sion,

909 344 961 376 Da
985 345 1206 385 geralegodion

911 390 1127 424 Confortando
1154 391 1251 422 corda

910 437 1140 477 Dyacameron,

840 485 895 516 50.
910 484 1000 522 Quod
1024 484 1132 516 intulit
1156 484 1361 522 emplastrum

909 531 1042 562 Vulneri
1067 531 1229 570 Tryphon.

908 577 1134 616 Apothecaria‚

908 623 959 655 Da
981 624 1155 656 electuaria

907 670 1156 710 Aegrotantibus

838 719 892 750 55.
909 717 1037 750 Cunctis
1062 717 1101 748 ob
1127 716 1252 749 nefaria

906 765 956 796 Ac
978 766 1208 804 unguentorum

905 811 1006 851 Aperi
1032 811 1172 844 cellaria.

906 859 970 891 Per
994 859 1127 899 sagittas
1152 857 1345 898 spoliantum

905 907 1043 939 Mortem
1069 915 1126 937 nos
1150 905 1311 949 inibimus,

905 953 947 985 Ni
972 962 1029 984 nos
1053 954 1198 994 inungas,

905 1000 1046 1032 Vulnere
1069 1000 1254 1040 peribimus,

904 1047 1033 1081 Summa
1057 1047 1154 1088 natio,

904 1095 971 1127 Nos
996 1095 1130 1135 inungas
1155 1095 1224 1127 oleo

901 1142 1043 1175 Rosaceo

904 1192 954 1222 Ac
977 1193 1033 1222 tua
1057 1199 1114 1222 nos
1139 1189 1277 1222 inebriet

905 1237 1040 1271 Potatio.

902 1284 973 1324 Eja,
1003 1284 1138 1320 domina,

903 1333 1027 1371 Inunge
1053 1331 1193 1372 vulnera⁷

902 1378 1049 1412 Infirmos
1073 1378 1176 1418 visita,

902 1426 1004 1458 Nobis
1030 1424 1139 1458 confer
1164 1428 1219 1456 tua

900 1473 1125 1510 Medicamina‚

900 1521 946 1554 Ut
968 1523 1073 1552 tecum
1097 1520 1252 1552 laetemur

835 955 889 987 60.

834 1192 889 1224 65.

833 1428 887 1459 70.

900 1568 954 1600 Tis
983 1576 1042 1607 per
1066 1568 1257 1607 precamina,

899 1616 997 1655 Virgo
1022 1615 1139 1649 Maria.

828 1712 883 1743 75.
897 1710 978 1749 Ach,

898 1757 953 1789 Me
979 1757 1111 1798 dignare
1132 1760 1165 1788 te
1188 1756 1332 1795 laudare,

897 1804 1003 1845 Digna

898 1852 995 1892 Virgo
1021 1850 1188 1891 virginum,
1213 1849 1360 1890 benigna,

900 1898 966 1930 Tuo
993 1902 1066 1931 nato
1092 1906 1148 1929 nos
1174 1898 1333 1937 consigna,

898 1945 949 1977 Ne
973 1945 1017 1976 sis
1041 1944 1133 1976 nobis
1157 1947 1193 1975 ut
1216 1944 1401 1984 praevigna,

899 1992 964 2024 Sed
990 1992 1091 2024 crucis
1112 1992 1198 2031 pelle
1222 1992 1370 2032 maligna.

898 2039 988 2078 Vale,
1014 2039 1102 2079 virgo
1128 2038 1242 2080 Maria,

900 2086 987 2119 Coeli
1012 2085 1152 2128 ostiaria,

828 1946 883 1978 80.

898 2133 1017 2167 Christi
1040 2133 1123 2173 regis

896 2180 1188 2213 Archieancellaria

896 2230 1002 2268 Atque
1025 2229 1138 2260 summi

897 2274 1060 2308 Pontificis
1087 2274 1218 2307 vicaria.

898 2323 985 2366 Vale,
1010 2323 1179 2364 pulchrum
1202 2321 1317 2364 lilium,

827 2181 882 2213 85.
