1653 2564
751 68 1003 106 ——197—

296 210 399 243 Homo
425 215 518 244 natus
543 212 585 245 ad
610 212 752 246 laborem
980 215 1044 247 Pro
1069 216 1102 246 te
1123 217 1241 254 natum,
1267 213 1361 246 morti
1388 213 1506 254 datum,

343 259 386 291 Et
413 260 481 291 avis
506 260 548 292 ad
573 260 721 300 volatum,
911 263 964 295 10.
1027 262 1185 294 Provocas
1210 262 1252 293 ad
1277 260 1426 293 furorem.

299 307 364 339 Cur
387 308 548 346 sequendo
573 308 684 339 mundi
707 307 818 340 florem
985 309 1068 341 Vide
1090 309 1174 341 latus
1200 311 1232 340 et
1256 317 1408 346 cruorem,

346 353 477 393 spernis
501 354 562 386 Dei
588 354 795 387 mandatum?
981 356 1067 396 Lege
1091 357 1192 388 zelum
1218 358 1248 387 et
1273 364 1412 388 amorem

252 402 283 433 5.
298 400 421 432 Bonum
445 402 555 441 perdis
580 402 756 434 increatum
1029 404 1067 435 In
1090 404 1202 443 plagis,
1231 412 1284 434 cor
1308 403 1474 445 ingratum,

297 448 342 480 Et
365 450 440 487 post
463 449 557 488 hujus
581 449 667 480 vitae
691 452 808 481 statum
982 450 1107 483 Christo
1130 459 1224 490 passo
1249 458 1324 489 gere
1347 457 1476 492 morem,

346 495 557 528 Thesaurizas
585 495 750 529 dolorem?
909 497 1076 530 15.Verte
1098 498 1195 529 risum
1221 497 1254 528 in
1279 505 1454 528 moerorem

300 542 439 574 Verbum
463 543 565 582 patris
588 543 796 583 incarnatum,
1022 543 1066 575 Et
1090 544 1213 584 corrige
1234 546 1368 576 reatum.

304 605 374 632 Cod.
394 603 559 634 Londinen.
578 606 709 643 Eger‘ton
736 605 800 634 274.
826 614 901 633 saec.
924 604 967 635 13.
988 621 1024 626 —
1044 607 1106 635 Das
1125 606 1200 636 Lied
1219 609 1259 635 ist:
1276 608 1450 636 vei-mutlieh
1471 615 1532 635 von

226 643 382 679 Philippus
403 643 439 671 de
459 644 578 673 Grevia.

824 738 946 773 XVIII.

301 814 438 846 Anima:
912 816 967 849 25.
981 814 1122 846 Vetitum
1146 816 1268 847 licitum

291 862 367 902 Jugi
390 862 524 893 lacrima
981 862 1077 894 Putes
1102 863 1144 895 ad
1167 862 1303 902 libitum,

298 907 430 948 Difflue‚
982 908 1033 940 De
1057 909 1109 940 via

300 956 397 988 Dilue
983 955 1112 998 Curam,
1139 964 1202 987 non
1228 955 1268 987 de
1291 956 1406 996 patria,

255 1006 285 1037 5.
300 1003 434 1035 Sanciae
980 1002 1031 1033 Da
1053 1005 1186 1034 naturae

301 1050 419 1082 Sordes
445 1049 665 1091 conscientiae,
912 1051 966 1082 30.
981 1048 1099 1080 Debita
1124 1050 1275 1090 culturae,

299 1097 367 1129 Fac
392 1096 452 1128 tibi
474 1099 576 1128 tutum
984 1096 1100 1128 Laetos
1126 1105 1183 1136 age
1209 1096 1287 1136 dies,

299 1144 436 1176 Luteum
461 1153 526 1184 vas,
554 1151 633 1174 exue
657 1142 769 1182 lutum,
981 1142 1083 1174 Leves
1109 1143 1232 1183 requies

307 1191 436 1223 Subitus
984 1188 1078 1228 Cura,
1104 1190 1244 1222 taedium

232 1240 286 1272 10.
300 1238 416 1271 Exitus
981 1236 1039 1277 Sit,
1066 1237 1150 1275 quod
1171 1238 1260 1276 Juvet
1284 1237 1384 1276 pium.

301 1286 392 1318 Pium
417 1293 458 1317 ne
482 1284 678 1325 propositum
913 1286 968 1317 35.
981 1284 1038 1315 Lis
1062 1283 1150 1324 haee,
1176 1284 1268 1324 ratio,

301 1333 453 1372 Perimat,
980 1330 1048 1362 Tuo
1070 1331 1191 1369 judicio

300 1380 453 1412 Meritum
981 1378 1095 1410 Finem
1118 1378 1239 1412 subeat.

299 1427 449 1459 Redimet
983 1424 1136 1457 Cohibeat

230 1477 284 1509 15.
300 1475 395 1507 Vitae
420 1474 535 1506 damna
559 1472 714 1512 perditae.
982 1472 1093 1505 Carnis
1118 1473 1253 1512 impetus

300 1522 399 1555 Caro:
427 1520 555 1561 spiritui
912 1521 967 1554 40.
982 1519 1105 1551 Judicis
1130 1522 1242 1559 metus,

298 1569 381 1609 Quid
406 1565 577 1600 subderis?
979 1566 1138 1606 Expietur
1161 1567 1266 1599 anima

299 1617 382 1655 Quid
407 1615 495 1647 tenui
985 1613 1094 1646 Carnis
1120 1615 1258 1654 victima,

298 1664 396 1695 Flatu
421 1659 650 1703 suspenderis?
981 1661 1099 1693 Libere

229 1713 284 1746 20.
299 1712 352 1743 Ad
377 1710 473 1742 solita
983 1708 1150 1741 Servitutis
1174 1716 1271 1748 opere

298 1759 482 1801 Revertere7
908 1757 964 1791 45.
979 1755 1044 1795 Spe
1068 1756 1179 1788 salutis
1205 1756 1319 1795 vigeat,

297 1806 360 1838 Via
382 1804 459 1837 trita
980 1803 1179 1835 Poenitentia

299 1852 446 1885 Curritur
469 1852 580 1895 libere7
980 1850 1111 1883 Gratiae
1134 1853 1245 1891 pateat

298 1902 370 1934 Stes
394 1900 465 1938 lege
490 1899 632 1941 divitum,
976 1898 1105 1930 Patriae
1128 1899 1190 1931 via.

311 1966 394 1993 Cant.
415 1973 469 1993 ms.
489 1964 570 1991 Petri
591 1963 626 1990 de
644 1963 768 1991 Medicis
789 1971 864 1990 saec.
887 1961 930 1992 13.
953 1963 1021 1990 Cod.
1041 1963 1231 1991 Laurentian.
1251 1962 1295 1989 Pl.
1319 1961 1364 1990 29.
1387 1962 1411 1989 1.

837 2069 927 2102 XIX.

295 2148 420 2180 Doceas
445 2148 506 2179 hae
531 2146 583 2178 die
979 2145 1057 2178 Jesu
1078 2144 1141 2186 pie,

295 2196 388 2229 Viam
412 2195 546 2235 patriae,
979 2192 1035 2223 Mc
1060 2191 1100 2223 de
1124 2191 1218 2223 sortis
1243 2199 1344 2223 vanae

295 2245 382 2277 Fons
407 2243 540 2283 gratiae,
981 2239 1092 2271 Solvas
1118 2241 1150 2270 et
1175 2239 1329 2271 humanae

294 2291 376 2332 Spes
401 2291 521 2334 veniae,
981 2286 1093 2319 Carnis
1119 2295 1255 2327 carcere,

246 2342 276 2374 5.
292 2338 460 2372 Terminus
485 2338 566 2378 viae,
909 2336 963 2369 10.
978 2335 1075 2375 Rege,
