1653 2564
731 124 965 158 ,-16-

875 219 906 251 6.
934 217 1068 250 Carnem
1093 215 1244 248 mundum
1267 215 1476 254 zabulumque

934 264 1050 302 Subde,
1076 272 1117 295 ne
1140 263 1270 294 vincant
1293 269 1454 302 quousque

931 310 1006 342 Tibi
1030 309 1189 350 supplices

931 357 1016 389 Tuos
1040 356 1184 396 famulos,

934 404 993 443 Qui
1018 406 1083 435 tres
1107 403 1273 443 patiuntur

934 452 1017 483 Istos
1042 450 1191 483 aemulos.

197 219 228 252 5.
255 219 280 251 O
304 218 419 260 Maria,
445 219 561 251 rubens
586 228 668 257 rosa⁷

254 266 364 298 Dulcis
389 266 482 298 nimis
508 268 540 297 et
563 264 710 304 formosa,

256 314 480 346 Peccatoribus

254 361 331 392 Tuis
355 358 480 391 famulis

253 406 406 438 Precibus
430 414 577 438 succurre

254 453 353 485 Nobis
378 452 507 487 sedulis.

582 528 613 561 ’7.
640 525 736 559 Ghori
761 525 855 558 simul
879 525 1063 565 angelorum

636 573 705 605 Nee
728 582 792 605 non
815 574 883 604 tota
906 572 1072 605 beatorum

638 620 727 653 Coeli
751 619 839 652 curia

637 668 743 708 Atque
765 666 871 708 patria

638 715 802 754 Adjuvent
824 723 882 746 nos
906 722 1012 746 secum

637 762 717 795 Frui
737 761 849 803 gloria.

272 857 340 884 Cod.
361 857 526 885 Bel-olinen.
549 856 643 884 Germ.
669 854 705 884 8⁰
735 855 797 885 190.
824 864 899 884 saec.
923 854 966 884 15.
990 865 1033 883 ex.
1062 870 1096 875 —
1116 852 1148 889 5,
1177 851 1195 881 3
1215 853 1275 881 und
1294 851 1313 881 4
1332 852 1499 890 umgestellt

194 903 288 932 gegen
308 895 363 923 den
384 896 477 923 Reim.
497 909 535 914 —-
555 893 582 930 6,
604 892 622 922 3
642 895 711 922 Tibi
732 897 769 924 et.

832 1045 868 1076 ¹7.

879 1134 909 1166 5.
936 1133 1106 1173 Postquam
1130 1132 1230 1170 nobis,
1258 1140 1335 1171 quos
1362 1131 1483 1170 dilexit,

936 1180 1041 1212 Cornu
1064 1179 1176 1212 salutis
1201 1179 1303 1211 erexit

197 1135 228 1168 1.
256 1134 454 1171 Christicola,
481 1133 651 1165 recordare

254 1181 370 1214 Mortis
395 1180 493 1212 trucis
520 1182 552 1211 et
576 1189 711 1223 amarae,

304 1228 370 1267 Que
393 1229 418 1260 ii
444 1228 523 1259 douz
548 1228 612 1259 rois
632 1229 671 1260 de
686 1227 818 1268 paradis

257 1275 401 1308 Gliscens
426 1284 515 1307 suam
540 1283 691 1314 reparare

255 1323 386 1356 Plebem
411 1323 450 1355 ab
476 1321 595 1353 inferm
618 1323 687 1354 lare

303 1371 379 1402 Volt
393 1367 510 1402 soufrir
527 1377 565 1400 en
581 1370 613 1401 la
627 1370 710 1402 croiz
719 1370 817 1410 jactis,

220 1481 227 1488 .
253 1456 377 1496 Lingua
402 1464 465 1487 non
489 1456 599 1494 posset
618 1455 769 1494 pandere,

252 1502 364 1542 Neque
387 1510 498 1534 manus
524 1502 713 1541 describere,

302 1549 352 1581 Ne
364 1558 437 1581 cuer
446 1557 642 1589 pourpenser
651 1558 692 1581 ne
701 1550 816 1590 saveir,

254 1596 323 1628 Nec
346 1597 455 1628 oculus
478 1596 647 1637 inspicere,

254 1645 410 1685 Quantum
434 1652 493 1684 pro
517 1646 625 1675 nostro
652 1644 771 1676 scelere

301 1690 322 1723 J
323 1699 378 1723 esu
391 1692 469 1723 crist
480 1691 548 1722 voit
561 1691 601 1723 de
613 1691 706 1731 peine
717 1693 816 1724 avoir.

220 1803 228 1810 .
255 1777 302 1810 Ob
330 1777 470 1809 dolorem
494 1776 580 1808 vitae
606 1777 694 1809 ducis

252 1824 420 1856 Morientis
445 1823 530 1863 ligno
556 1824 673 1855 crucis·

301 1871 363 1903 Les
411 1872 534 1911 pierres
582 1873 614 1902 et
660 1872 685 1903 li
729 1881 815 1905 murs

588 1917 758 1963 fendirent,

255 1966 309 1999 Sol
334 1966 441 1998 radios
466 1974 542 1996 suae
566 1966 646 1997 lucis

252 2014 345 2046 Texit
373 2014 452 2046 hora
475 2013 585 2045 mortis
610 2014 719 2054 trucis,

301 2061 347 2093 Et
367 2061 391 2092 li
408 2063 604 2094 monuments
622 2062 814 2095 aouvrirent.

219 2173 226 2181 .
252 2146 362 2186 Agnus
386 2145 565 2177 misericors
590 2145 660 2185 Dei,

251 2194 349 2233 Quem
373 2192 556 2232 nequissimi
580 2192 695 2225 Judaei

300 2239 507 2272 Crucifierent
530 2248 604 2270 sanz
630 2240 746 2280 raison,

250 2287 344 2320 Viros
368 2287 469 2319 hostis
493 2286 626 2318 tartarei

250 2334 362 2374 Fregit
385 2336 416 2365 et
440 2333 598 2366 subtraxit,
622 2333 651 2364 ci

300 2381 389 2420 Ceus,
405 2380 458 2422 qui
470 2381 571 2413 tenoit
583 2389 620 2413 en
634 2389 670 2413 sa
682 2380 813 2413 maison.

981 1228 1032 1259 En
1047 1228 1081 1259 la
1097 1227 1224 1260 chartre
1242 1223 1365 1258 d’enfer
1382 1225 1497 1257 vilaine

934 1275 1041 1315 Atque
1068 1274 1223 1314 praedam
1245 1273 1322 1305 hinc
1347 1273 1461 1312 evexit,

934 1323 1012 1356 Cum
1037 1322 1138 1362 gloria
1162 1321 1346 1359 resurrexit,

981 1369 1129 1410 Tesmoig
1152 1368 1258 1400 Marie
1280 1367 1494 1408 Magdolaine.

900 1481 906 1488 .
933 1457 973 1489 In
997 1455 1057 1487 hac
1080 1454 1314 1487 resurrectione

934 1503 1048 1536 Omnes
1072 1503 1220 1534 tenentur
1244 1510 1408 1542 personae,

980 1550 1040 1589 Qui
1065 1559 1103 1581 en
1131 1549 1203 1581 dieu
1229 1549 1351 1580 croient
1375 1548 1470 1581 esioir

933 1599 983 1630 Ac
1006 1606 1122 1637 magna
1147 1596 1314 1628 devotione

932 1645 985 1677 Sic
1011 1645 1134 1678 dicere:
1161 1643 1239 1676 Jesu
1263 1643 1354 1682 bone,

977 1692 1118 1725 Vueiiles
1143 1700 1202 1723 noz
1226 1691 1351 1730 prierez
1376 1690 1434 1725 oir.

900 1801 907 1808 .
934 1779 959 1811 Ο
985 1787 1078 1818 quam
1102 1776 1182 1809 felix
1205 1779 1238 1808 et
1263 1785 1395 1809 amoena

930 1825 975 1858 Et
999 1835 1092 1865 quam
1118 1824 1204 1858 dulci
1227 1825 1323 1857 laude
1347 1825 1444 1864 plena

977 1872 1039 1904 Est
1063 1875 1149 1904 ceste
1172 1872 1399 1913 resurrection,

931 1920 967 1951 Iu
995 1929 1056 1960 qua
1079 1919 1214 1952 mundus
1241 1928 1351 1951 carens
1374 1928 1477 1960 poena

930 1967 998 1999 Deo
1024 1967 1109 1999 canit
1132 1969 1223 1999 tensa
1246 1976 1327 2000 vena

978 2014 1030 2047 En
1053 2015 1143 2056 signe
1169 2014 1208 2046 de
1231 2015 1443 2055 redamption.

898 2172 906 2179 .
931 2147 1017 2187 Ergo
1041 2148 1098 2179 tali
1123 2147 1217 2179 modo
1242 2150 1369 2187 praesto

932 2195 1016 2225 Actu
1041 2203 1131 2226 sacro
1157 2196 1190 2225 et
1212 2197 1367 2234 tempesto

983 2241 1078 2273 Soion
1104 2243 1193 2273 entre
1216 2251 1274 2273 nos
1298 2243 1466 2284 pechecur,

933 2287 979 2320 Ut
1003 2289 1158 2328 possimus
1182 2288 1325 2320 Paschae
1350 2288 1432 2321 festo

934 2334 1037 2367 Corde
1061 2344 1141 2375 puro
1168 2338 1200 2366 et
1222 2335 1355 2367 honesto

979 2382 1134 2415 Recevoir
1158 2383 1266 2414 nostre
1290 2391 1454 2422 sauvecur.
