1653 2564
225 792 264 825 R„

828 246 924 276 112.

676 329 719 360 Do
739 330 846 359 sancto
866 327 1069 368 Leodegario.

250 443 256 448 .
283 417 387 450 Ovans
413 417 526 448 chorus
552 416 741 449 scholarium
903 422 934 452 2,
961 416 1044 449 Fide
1067 415 1210 448 firmatus
1234 417 1364 456 triplici,

283 465 410 496 Almum
434 464 661 504 Leodcgarium
962 463 1096 496 Securus
1120 472 1177 503 spe
1201 464 1379 505 multiplici,

284 511 452 543 Psallendo
479 519 604 542 carmen
628 511 749 542 varium
958 510 1139 542 Dilectione
1164 510 1283 551 duplici

330 559 417 590 Pura
441 558 517 589 colit
540 559 653 589 mente.
1008 556 1136 589 Floruit,
1159 557 1279 598 beatus,

285 604 379 636 Clara
402 607 489 636 ortus
513 604 673 645 prosapia,
959 604 1039 636 Bino
1064 602 1142 636 felix
1168 605 1364 644 charismate,

283 651 430 683 Nutritus
456 652 529 683 aula
552 651 649 690 regia,
959 651 1114 684 Mundum
1138 651 1253 692 rigavit
1279 652 1433 692 dogmate,

285 698 383 730 Sacra
405 699 590 737 perdiscens
614 699 721 730 studia
960 697 1098 730 Corusoo
1124 699 1303 731 diademate

330 746 456 777 Didone
481 746 622 778 docente.
1006 745 1081 777 Fuit
1108 745 1276 778 laureatus.

285 792 310 825 O
336 793 420 825 trina
446 793 485 825 de
509 792 637 824 aureola
901 791 944 823 Ro
965 792 990 823 O
1015 793 1100 824 trina
1125 793 1165 824 de
1188 794 1315 824 aureola

332 839 490 882 Gaudens,
514 839 702 878 Leodegari‚
1007 839 1165 881 Gaudens,
1188 840 1374 880 Leodegari,

283 887 381 918 Trina
405 885 498 917 fortis
523 886 629 918 areola
961 887 1059 918 Trina
1083 885 1174 917 fortis
1198 887 1304 918 areola

286 933 493 973 Laetarisque
517 933 658 975 stoleola‚
958 933 1165 972 Laetarisque
1189 933 1330 972 stoleola,

286 980 348 1012 Pro
374 981 435 1012 tuis
460 989 571 1019 preces
597 980 729 1019 cumula,
959 979 1021 1011 Pro
1045 980 1107 1011 tuis
1131 989 1243 1019 preces
1268 981 1400 1018 cumula,

330 1028 378 1060 Ut
401 1030 518 1066 queant
539 1026 638 1059 beari.
1006 1027 1053 1059 Ut
1075 1030 1192 1066 queant.
1211 1028 1310 1060 beari.

621 1122 650 1153 3.
677 1120 727 1152 De
750 1120 907 1159 passionis
930 1120 1041 1153 rivulis

675 1167 791 1199 Bibens
815 1168 960 1207 privatur
984 1168 1092 1206 oculiS,

675 1214 806 1254 Lingua,
832 1214 940 1256 labris,
965 1223 1006 1246 ne
1029 1215 1155 1254 populis

721 1261 891 1294 Praedieet
910 1263 1055 1303 aeterna;

674 1308 766 1341 Nova
789 1307 879 1340 fandi
902 1309 1045 1348 potentia

673 1354 786 1387 Refert
809 1355 872 1387 Dei
895 1356 1062 1395 magnalia,

676 1403 779 1442 Caput
803 1403 944 1435 exaltans
969 1403 1084 1442 gaudia

721 1449 841 1481 Mei-uit
865 1458 1010 1490 superna.

303 1551 371 1580 Cod.
391 1551 602 1587 Engelbergen.
624 1549 689 1579 314.
710 1559 783 1579 saec.
806 1549 849 1578 14.

663 1765 706 1797 De
725 1773 749 1796 s.
770 1764 868 1796 Maria
887 1764 1079 1804 magdalena.

826 1852 922 1881 113.

254 1966 260 1973 .
287 1941 366 1983 Ave,
389 1948 500 1980 purum
526 1947 582 1971 vas
605 1940 727 1979 argenti
904 1940 935 1972 2.
962 1938 1057 1978 Pape,
1082 1938 1204 1977 mulier,
1231 1938 1306 1977 quid
1331 1938 1449 1977 ploras,

331 1988 473 2019 Decocta
495 1985 649 2027 rubigine,
1009 1986 1106 2025 Quem
1124 1986 1258 2025 quaeris,
1277 1994 1368 2025 quem
1385 1985 1493 2018 visitas
1505 1987 1521 2016 ’κ

287 2035 406 2068 Christi
431 2037 535 2066 custos
560 2034 753 2072 munimenti,
963 2033 1025 2065 Cur
1047 2033 1101 2065 hic
1121 2033 1209 2072 jaces
1233 2040 1292 2072 per
1315 2035 1364 2064 tot
1383 2033 1489 2072 horas,

332 2082 408 2114 Nati
432 2081 501 2112 sine
520 2081 639 2113 semine
1008 2080 1108 2119 Surge
1132 2080 1208 2119 quid
1232 2079 1286 2111 hic
1306 2077 1439 2111 latitas?

331 2129 381 2160 De
403 2128 509 2160 Maria
532 2128 663 2167 virgine.
1008 2127 1169 2166 Numquid
1192 2127 1253 2158 hoc
1276 2126 1345 2158 vult
1368 2125 1494 2164 calitas,

287 2176 362 2207 Tibi
386 2175 439 2215 pie
461 2183 496 2206 se
520 2175 684 2214 quaerenti
962 2173 1053 2212 Quod
1075 2173 1110 2204 in
1132 2172 1237 2207 flendo
1263 2173 1309 2205 sie
1332 2171 1481 2207 laboras?

288 2222 357 2255 Nec
380 2231 442 2254 non
466 2222 507 2253 ad
532 2221 732 2261 sepulchrum
757 2220 846 2252 flenti
962 2220 1056 2252 Hunc
1080 2221 1222 2252 timorem
1246 2220 1336 2250 mitte
1359 2219 1454 2257 foras,

334 2270 446 2301 Deitas
470 2269 503 2299 in
528 2268 654 2300 homine
1009 2268 1053 2299 Et
1076 2270 1151 2298 tunc
1175 2266 1263 2298 forte
1281 2266 1404 2298 bonitas

334 2316 452 2348 Pandit
475 2315 532 2346 sub
559 2314 721 2353 velamine,
1007 2314 1125 2347 Aderit
1148 2317 1179 2345 et
1202 2313 1330 2352 veritaS,

331 2363 428 2395 Flere
453 2362 570 2394 desine.
1009 2361 1107 2399 Quam
1132 2362 1166 2391 tu
1189 2359 1322 2401 flagitas.
