1653 2564
200 1108 230 1140 1.

197 1389 241 1420 Ro

737 127 969 163 ...14-

585 225 615 256 3.
643 223 745 261 Salve,
774 223 887 255 donum
914 222 1072 261 coelicum,

641 270 777 310 Spiritus

686 316 747 348 Dei
770 317 822 356 qui
851 316 976 355 diceris,

641 363 795 396 Juvamen
820 362 995 400 mirificum,

641 411 789 442 Duleoris

688 456 771 497 fons,
799 456 887 488 cibus
912 456 1071 496 pauperis,

642 504 829 536 Remedium
853 503 988 541 unicum,

641 550 772 583 Donans
796 560 850 582 au-

689 597 799 629 xilium
823 597 957 631 miseris,

643 645 722 685 Ave,
748 653 874 676 carmen
898 644 1064 684 mysticum

643 692 732 731 Quod
758 700 914 732 nunquam

686 739 820 771 humiles
847 738 976 777 deseris,

638 786 714 828 Fac,
740 786 867 818 trinitas

684 842 741 865 nos
766 832 830 865 frui
855 833 988 873 superis

279 907 347 935 Cod.
368 908 580 944 Engelbeigen.
601 905 666 936 314.
687 916 762 935 ssaee.
785 906 828 935 14.
849 921 886 926 -—-
906 907 972 943 Vgl.
993 907 1087 934 Morel
1107 905 1152 934 79.

256 1106 330 1139 Una
356 1107 451 1138 trium
477 1106 588 1145 deitas,
880 1108 911 1139 2.
939 1106 1034 1138 Pater
1058 1106 1144 1138 idem
1169 1104 1243 1146 filio,

301 1153 374 1185 Non
400 1154 529 1185 deorum
554 1154 677 1194 colitur,
984 1153 1057 1185 Non
1080 1153 1176 1192 idem,
1202 1153 1255 1193 qui
1279 1151 1373 1190 filius,

257 1200 340 1232 Nam
366 1199 536 1232 conformis
560 1201 665 1233 unitas
937 1200 1030 1232 Alter
1052 1200 1138 1232 idem
1159 1199 1235 1238 filio,

303 1248 423 1279 Deitati
447 1248 597 1286 noscitur,
984 1247 1057 1279 Non
1082 1248 1164 1279 alter
1189 1247 1243 1287 qui
1266 1246 1360 1288 filius,

255 1295 327 1327 Non
351 1295 385 1326 in
411 1303 480 1326 esse
503 1295 640 1335 trinitas,
940 1294 1162 1334 Unusquisque
1186 1293 1262 1334 filio,

303 1341 367 1374 Sed
391 1344 480 1374 extra
506 1342 705 1376 discernitur.
986 1342 1058 1374 Non
1082 1344 1118 1373 ut
1142 1342 1274 1381 quisque
1295 1340 1389 1374 filiuS.

257 1389 355 1421 Fides
381 1391 430 1420 est
452 1389 485 1420 in
510 1398 617 1429 opere,
880 1390 914 1421 R«
939 1388 1038 1421 Fides
1064 1392 1112 1420 est
1134 1390 1169 1420 in
1193 1397 1300 1428 opere,

256 1436 371 1467 Munus
397 1438 445 1467 est
465 1436 499 1467 in
523 1434 663 1479 foedere,
937 1437 1053 1468 Munus
1075 1438 1124 1467 est
1144 1436 1177 1467 in
1203 1434 1342 1475 foedere,

258 1482 343 1515 Usus
369 1485 417 1514 est
439 1483 473 1514 in
496 1492 636 1518 munere.
937 1484 1022 1516 Usus
1048 1486 1097 1515 est
1119 1483 1153 1514 in
1177 1491 1315 1516 munere.

546 1550 576 1582 3.
602 1549 696 1580 Alter
719 1548 804 1580 idem
829 1549 931 1587 alteri,

664 1596 753 1635 Quod
779 1595 915 1627 adsistat
939 1596 1064 1634 alterat,

617 1643 763 1674 Alterum
787 1643 835 1674 sic
858 1643 951 1675 alteri

669 1690 761 1721 Mens
787 1692 819 1721 et
841 1690 949 1730 lingua
974 1689 1126 1732 conferat,

619 1738 665 1770 Ut
688 1737 730 1768 sit
753 1737 838 1768 idem
863 1738 965 1776 alteri,

663 1783 726 1816 Sed
750 1785 784 1815 in
808 1784 869 1816 hoe
893 1793 956 1816 non
982 1784 1118 1817 differat.

272 1857 339 1885 Cod.
362 1858 488 1886 Pal-isin.
508 1857 556 1893 (01.
576 1857 752 1893 Martialem)
771 1856 855 1887 3719.
877 1868 953 1887 saec.
976 1857 1020 1886 12.

834 1980 873 2010 4.

199 2060 230 2092 1.
258 2059 361 2097 Salve,
388 2061 480 2098 pater
504 2058 667 2097 luminum,
881 2060 911 2091 2.
939 2058 1043 2095 Salve,
1069 2057 1116 2089 fili
1141 2057 1281 2099 virginis,

256 2106 399 2139 Omnium
425 2106 511 2137 salus
535 2104 689 2143 fidelium,
939 2106 1062 2138 Mariae
1087 2108 1121 2136 tu
1145 2105 1384 2145 primogenitus,

255 2154 306 2185 Tu
330 2162 451 2184 summa
475 2161 548 2192 spes
572 2153 709 2184 omnium
938 2154 1018 2192 Ave,
1044 2152 1146 2183 vietor
1173 2152 1344 2189 daemonis,

256 2200 381 2233 Diceris
409 2199 487 2231 dans
512 2199 652 2230 solamen
675 2199 773 2237 pium.
938 2199 999 2230 Dei
1024 2199 1126 2238 patris
1150 2198 1339 2240 unigenitus,

259 2248 345 2285 Jesu,
375 2247 470 2278 decor
494 2246 660 2285 virginum,
939 2248 969 2279 A
995 2246 1115 2279 cunetis
1140 2254 1196 2277 nos
1221 2246 1321 2277 ruinis

259 2294 425 2326 Servorum
452 2296 575 2324 tuorum
601 2292 775 2331 praemium
938 2293 1049 2333 Eripe,
1077 2301 1132 2324 rex
1157 2292 1325 2334 virginum,
1350 2293 1487 2332 penitus,

256 2340 380 2373 Munda
401 2340 511 2372 sordes
537 2340 702 2371 eriminum
939 2341 1085 2379 Dumque
1108 2339 1199 2371 nobis
1224 2342 1273 2370 est
1295 2338 1377 2379 finis,

258 2387 414 2420 Tribuens
437 2387 500 2419 reis
526 2386 711 2419 remedium.
939 2387 1045 2419 Trahe
1069 2395 1126 2418 nos
1150 2387 1192 2418 ad
1216 2389 1249 2417 te
1274 2386 1436 2420 divinitus.
