1653 2566
648 91 901 126 -113—

727 214 822 244 166.

543 295 740 327 Lamentatio
761 295 835 327 Filii
854 296 993 335 Prodigi.

118 385 148 417 1.
176 385 270 419 Vitae
293 391 442 429 perditae
803 395 833 426 5.
859 393 942 425 Dum
969 393 1143 432 considero,

220 434 277 466 Me
297 437 362 476 legi
907 439 991 478 Quid
1015 439 1118 471 Dinae

270 482 492 522 Subdideram‚
955 486 1139 526 Contigerit,

173 527 283 560 Minus
308 530 396 563 licite
858 534 971 565 Finem
997 532 1124 564 confero

220 574 303 607 Dum
329 576 420 621 fregi,
904 580 1049 619 Rapinae

267 623 358 662 Quod
384 634 542 666 voveram,

174 668 218 700 Et
243 671 284 702 ad
310 671 394 703 vitae
419 681 583 712 vesperam

220 716 452 758 corrigendum
478 720 552 759 legi,

171 763 331 803 Quidquid
358 767 433 797 ante
456 775 626 806 perperam

219 811 357 843 Puerilis
382 813 441 852 egi.

140 908 147 915 .
174 886 293 918 Rerum
319 887 421 919 exitus

219 933 303 965 Dum
330 943 446 974 quaero

264 981 445 1023 Discutere,

170 1028 301 1060 Falsum
324 1029 453 1070 penitus

218 1077 249 1108 A
273 1085 349 1108 vero

264 1123 465 1164 Discernere,

170 1170 266 1202 Falso
292 1169 389 1203 fallor
414 1180 520 1212 opere,

218 1218 371 1251 Bravium
396 1219 424 1250 si
448 1228 541 1259 spero

169 1266 226 1298 Me
250 1266 404 1298 virtutum
429 1269 559 1306 metere,

216 1312 303 1345 Vitia
329 1313 403 1346 dum
427 1322 509 1348 sere.

134 1414 141 1421 .
167 1388 241 1421 Non
262 1398 330 1421 sum
358 1390 477 1430 duplici

216 1436 393 1476 Perplexus

264 1485 386 1516 Itinere

168 1531 237 1563 Nec
261 1532 407 1564 addidici

215 1577 364 1611 Reflexus

264 1627 295 1658 A
319 1627 445 1658 Venere

171 1674 240 1706 Nec
260 1672 410 1706 fraudavi
434 1678 555 1706 temere

217 1722 367 1762 Conjugis
389 1723 565 1763 amplexus,

169 1768 318 1801 Dalidam
348 1778 551 1810 persequere,

217 1816 268 1849 Ne
293 1816 462 1849 fraudetur
486 1827 590 1850 sexus.

134 1920 140 1926 .
168 1893 302 1925 Famem
325 1893 442 1933 siliqua

217 1941 392 1972 Porcorum

264 1987 338 2019 Non
363 1987 508 2027 abstulit,

169 2037 257 2076 Quae
282 2035 324 2067 ad
349 2034 474 2068 lubrica

222 2083 377 2115 Errorum

266 2129 340 2161 Non
363 2129 507 2169 contulit,

170 2178 234 2211 Sed
260 2177 423 2217 scriptura
448 2176 593 2214 consulit,

218 2225 311 2257 Viam
335 2224 453 2256 intrem
477 2232 610 2264 morum,

171 2275 258 2313 Quae
285 2272 458 2312 praelarga
481 2270 617 2310 protulit

220 2320 344 2354 Pabula
370 2319 535 2352 donorum.

165 2381 292 2407 Dreves,
309 2379 436 2402 Cantionffi
452 2377 477 2401 et
489 2376 586 2400 Muteti.
615 2375 646 2398 Π.

953 626 1028 664 Quis
1050 625 1156 665 fuerit,

857 672 938 715 Scio,
967 673 1020 704 vix
1047 673 1183 704 evaserit

904 719 997 750 Mens
1024 721 1172 758 corrupta
1195 718 1267 757 fine,

858 766 921 797 Diu
946 775 1040 805 quam
1064 767 1258 797 contraxerit

904 813 1066 844 Maculam
1092 813 1244 844 sentinae.

798 892 828 923 6.
856 889 990 921 Praeter
1013 889 1160 919 meritum

901 936 957 968 Me
981 936 1053 967 neci

951 982 1025 1015 Non
1051 982 1179 1023 dedero,

856 1030 890 1062 Si
914 1031 956 1062 ad
979 1030 1142 1071 vomitum,

903 1077 1001 1116 Quem
1022 1077 1097 1119 jeci,

951 1125 1101 1165 Rediero,

857 1172 924 1204 Nec
948 1182 968 1204 a
989 1172 1088 1204 verbo
1113 1181 1226 1212 aspero

902 1219 1054 1251 Liberum
1078 1228 1128 1251 me
1152 1218 1224 1262 feci,

856 1267 973 1299 Servus
998 1267 1026 1298 si
1050 1267 1190 1298 serviero

906 1313 1059 1346 Vitiorum
1086 1313 1180 1346 faeci.

798 1392 828 1424 7.
858 1391 935 1422 Viae
961 1390 1092 1423 Veneris

901 1438 1035 1469 Immuto

950 1485 1102 1526 Vestigia,

856 1533 930 1565 Irae
955 1532 1072 1564 veteris

903 1579 1021 1612 Refuto

952 1627 1014 1659 Per
1040 1627 1142 1669 devia,

857 1675 916 1707 Via
940 1683 1075 1714 namque
1099 1675 1189 1715 regia

902 1722 1049 1755 curritur
1071 1722 1105 1753 in
1130 1724 1209 1764 tuto,

857 1770 891 1803 Si
912 1770 982 1810 quis
1009 1770 1095 1802 cedit
1117 1770 1157 1801 ab
1184 1778 1230 1808 ea,

905 1818 1038 1857 Semper
1065 1819 1114 1848 est
1137 1817 1171 1849 in
1196 1818 1273 1851 luto.

799 1895 828 1926 8.
859 1893 968 1925 Croesi
992 1893 1115 1932 solium,

907 1940 1033 1972 Sinonis

951 1987 1120 2024 Astutiam,

861 2031 977 2065 Confer
1001 2033 1151 2073 Tullium,

908 2080 1044 2112 Zenonis

955 2127 1171 2167 Prudentiam,

862 2175 918 2206 Nil
944 2173 1092 2207 conferre
1115 2174 1249 2206 sentiam

909 2222 969 2255 His
994 2222 1127 2254 abutens
1151 2222 1253 2261 bonis,

863 2269 906 2301 Ni
931 2268 1082 2310 fugiendo
1107 2268 1228 2310 fugiam

907 2317 1058 2349 Dalidam
1084 2317 1255 2351 SamsoniS.

1240 2372 1258 2402 8
