1653 2564
749 143 793 149 ——
844 125 1005 159 144—-

831 243 928 273 205.

228 319 256 350 1.
284 319 363 357 Quia
387 319 473 352 venit
497 319 558 351 Dei
584 319 707 362 donum,

284 367 356 398 Jam
380 366 531 406 spelunca
554 366 591 398 fit
612 366 769 398 latronum

333 412 451 444 Chn‘sti
476 413 720 453 tabercaculum,

332 459 404 491 Jam
430 468 565 492 caverna
588 461 767 498 praesulum

331 504 459 538 Profert
481 507 558 538 inde
581 507 714 547 oculum,

282 553 333 584 Ac
356 553 383 585 si
410 553 486 585 deus
506 554 660 586 ultionum

284 600 332 632 Sit
356 608 414 640 pro
438 601 521 632 malo
546 600 684 632 reddens
710 601 834 633 bonum.

225 658 256 689 2.
281 656 437 688 Praesunt
460 655 555 698 fures,
580 666 643 688 non
667 660 822 697 pastorcS,

280 703 339 742 Qui
365 707 567 743 corrumpunt
593 704 670 735 cleri
694 713 807 743 mores,

329 750 521 783 Clem'corum
546 751 647 792 gloria

328 798 399 829 Stat
421 797 454 829 in
479 807 582 829 rerum
609 798 708 841 copia,

328 844 444 884 Turpis
468 845 548 876 lucri
573 846 676 886 gratia

281 890 361 923 Sunt.
384 892 512 923 honoris
539 894 778 937 contemptores,

279 938 325 970 Ut
348 939 523 970 ascendant
545 940 587 972 ad
610 940 756 974 honores,

906 322 936 353 3.
963 320 1043 351 Dum
1071 320 1246 352 conformat,
1268 329 1304 351 se
1326 321 1479 360 praelatis

963 367 1084 406 Clerus,
1110 367 1237 406 mundo,
1263 368 1460 406 paupertatis

1010 414 1210 453 Dedignatur
1233 414 1389 456 meritum,

1008 459 1136 492 Diffinit
1160 460 1202 492 ad
1226 460 1360 503 libitum,

1008 507 1151 539 Vertitur
1173 507 1207 538 in
1230 507 1373 539 habitum

960 554 1056 593 Sequi
1080 557 1198 586 motum
1222 555 1404 594 voluntatis,

966 600 1106 632 Gloriari
1131 602 1171 634 de
1194 602 1344 641 peccatis,

902 658 933 690 4.
961 656 1141 698 Comparati
1172 661 1246 689 sunt
1266 659 1427 700 jumentis,

960 703 1036 736 Cum
1061 714 1122 737 vox
1148 705 1263 737 clamet
1285 715 1342 738 nos
1360 706 1519 739 docentis:

1005 752 1093 783 Mors
1117 753 1151 784 in
1176 753 1240 784 olla
1264 752 1414 792 carnium,

1005 799 1094 831 Mors
1119 800 1153 831 in
1176 799 1252 831 luxu
1276 800 1417 843 vestium,

1005 846 1094 878 Mors
1118 847 1152 878 in
1176 846 1267 886 lapsu
1290 846 1441 888 plebium,

958 892 1035 925 Jure
1059 893 1144 924 vit-ae
1166 894 1329 925 morientis

958 940 1073 973 Mortis
1098 940 1209 973 vivunt
1231 941 1266 972 in
1289 941 1465 973 tormentis.

299 1004 368 1031 Cod.
392 1003 533 1032 Oxonien.
558 1006 729 1034 Rawlinson
750 1006 773 1032 G
798 1003 862 1033 510.
888 1014 964 1034 saec.
995 1003 1038 1033 13.
1063 1020 1100 1024 —-
1125 1006 1183 1033 Die
1203 1006 1256 1033 Hs.
1282 1006 1335 1033 hat.
1359 1006 1405 1033 als
1425 1000 1520 1034 siber-

224 1040 339 1068 schrift:
359 1043 406 1070 De
424 1051 481 1078 pra*
493 1043 565 1071 latis
586 1042 711 1071 officium
731 1052 815 1071 suum
835 1044 930 1072 minus
952 1045 1025 1072 bene
1044 1044 1294 1080 prosequentibus.

818 1182 914 1215 206.

222 1259 253 1293 1.
278 1260 427 1302 MundUS,
451 1270 470 1292 a
491 1261 646 1294 munditia

278 1306 390 1339 Dictus
414 1316 473 1346 per
498 1309 665 1347 contran'a,

280 1353 395 1385 Sordet
417 1354 616 1387 immunditia

328 1400 508 1440 Criminum,

279 1447 400 1480 Crescit
423 1447 457 1479 in
481 1449 611 1488 malitia,

326 1496 428 1535 Culpa
450 1496 554 1527 nescit
577 1497 754 1529 terminum.

222 1552 253 1584 2.
281 1552 389 1584 Omnis
412 1551 631 1585 immunditiae
898 1554 929 1585 6.

280 1598 388 1631 Clerus
413 1598 483 1631 fons
509 1603 557 1631 est
579 1601 681 1645 hodie,

279 1646 393 1685 Capita
416 1646 556 1678 malitiae

324 1694 500 1737 Praesules,

277 1739 346 1771 Neo
369 1742 417 1772 tot
440 1742 539 1780 pestis
564 1741 671 1773 variae

323 1787 468 1819 Monstra
493 1789 574 1820 vidit
597 1787 762 1822 Hercules,

218 1844 249 1875 3.
276 1843 422 1876 Sordium
455 1845 608 1884 spurcitia
897 1846 926 1877 7.

276 1890 385 1923 Currit
408 1891 450 1923 ad
475 1892 621 1931 declivia,

274 1938 461 1971 Praesulum
485 1937 604 1980 flagitia

320 1986 474 2027 Plangste,

275 2032 354 2070 Quia
377 2032 479 2065 fluunt
502 2034 581 2066 vitia

320 2080 375 2112 Ad
397 2080 540 2113 membra
565 2082 604 2114 de
629 2082 743 2121 capite.

216 2135 247 2166 4.
274 2135 341 2169 Ubi
365 2145 448 2169 nunc
469 2137 603 2180 Justitia,
895 2139 926 2171 8.

274 2182 338 2215 Ubi
365 2183 595 2216 sanctimonia?

271 2229 360 2261 Perit
384 2230 417 2262 in
442 2231 559 2262 astutia

317 2277 454 2319 Veritas,

274 2322 401 2362 Duplex
426 2325 475 2354 est
498 2323 620 2355 malitia

324 2369 477 2402 Simulata
500 2370 649 2410 aequitas

899 1264 930 1295 5.
958 1261 1032 1294 Sola
1055 1261 1212 1293 simulatio

956 1307 1082 1341 Gaudet
1109 1308 1286 1348 privilegio,

957 1355 1132 1387 Simultatis
1157 1355 1241 1387 bivio

1004 1403 1138 1443 Currite,

955 1448 1109 1481 Fictionis
1134 1449 1239 1481 studio

1003 1496 1191 1528 Pracvalent
1215 1496 1410 1535 hypocritae.

954 1552 1047 1584 Nunc
1069 1560 1174 1594 prece,
1201 1561 1284 1585 nuuc
1308 1551 1421 1593 pretio,

953 1599 1047 1632 Nunc
1071 1600 1101 1631 vi
1127 1599 1163 1631 fit
1186 1599 1329 1639 intrusio,

954 1646 1096 1679 Divitum
1120 1646 1258 1678 conditio

1000 1693 1119 1735 Potior,

956 1740 1135 1773 Praeminet,
1159 1739 1263 1772 officio

999 1787 1115 1828 Ditior,
1140 1796 1203 1819 non
1228 1788 1361 1828 dignior.

955 1844 1056 1877 Caeca
1078 1844 1113 1876 fit
1139 1844 1288 1884 provisio,

953 1891 1047 1924 Caeci
1071 1892 1184 1924 sedent
1207 1891 1297 1931 solio,

955 1938 997 1972 Ut
1023 1947 1188 1971 caecorum
1211 1939 1298 1978 regio

998 1986 1146 2026 Francia,

953 2032 1075 2065 Habitu
1106 2033 1243 2073 privatio

1003 2082 1151 2113 Praestat
1174 2081 1208 2112 in
1232 2080 1376 2112 ecclesia.

954 2137 1042 2170 Nihil
1066 2138 1199 2177 prodest
1222 2136 1383 2176 mathesis,

952 2184 1008 2216 Nil
1032 2185 1130 2225 logos,
1159 2184 1206 2217 nil
1230 2185 1347 2226 poesis,

951 2232 1073 2263 Aurum
1097 2232 1169 2271 plus
1195 2241 1287 2271 quam
1312 2231 1447 2263 fronesis

998 2278 1170 2318 Ponderat,

954 2323 1025 2356 Nisi
1046 2325 1154 2357 trahat
1174 2325 1334 2367 Lachesis,

1003 2371 1114 2403 Clotho
1140 2371 1260 2405 frustra
1283 2370 1450 2411 ponderat.
