<?xml version="1.0" encoding="UTF-8"?>
<!DOCTYPE html PUBLIC "-//W3C//DTD XHTML 1.0 Transitional//EN"
    "http://www.w3.org/TR/xhtml1/DTD/xhtml1-transitional.dtd">
<html xmlns="http://www.w3.org/1999/xhtml" xml:lang="en" lang="en">
 <head>
  <title>
</title>
<meta http-equiv="Content-Type" content="text/html;charset=utf-8" />
  <meta name='ocr-system' content='tesseract 3.04.00' />
  <meta name='ocr-capabilities' content='ocr_page ocr_carea ocr_par ocr_line ocrx_word'/>
</head>
<body>
  <div class='ocr_page' id='page_1' title='image "./analectahymnica21drevuoft_00058.png"; bbox 0 0 1653 2564; ppageno 0'>
   <div class='ocr_carea' id='block_1_1' title="bbox 756 94 989 131">
    <p class='ocr_par' dir='ltr' id='par_1_1' title="bbox 756 94 989 131">
     <span class='ocr_line' id='line_1_1' title="bbox 756 94 989 131; baseline 0 -10"><span class='ocrx_word' id='word_1_1' title='bbox 756 94 989 131; x_wconf 73' lang='grc'>-55-.</span> 
     </span>
    </p>
   </div>
   <div class='ocr_carea' id='block_1_2' title="bbox 225 245 1516 1001">
    <p class='ocr_par' dir='ltr' id='par_1_2' title="bbox 225 245 1516 1001">
     <span class='ocr_line' id='line_1_2' title="bbox 225 245 1441 290; baseline -0.001 -13"><span class='ocrx_word' id='word_1_2' title='bbox 225 245 257 278; x_wconf 86' lang='grc'>1.</span> <span class='ocrx_word' id='word_1_3' title='bbox 284 245 378 287; x_wconf 90' lang='lat' dir='ltr'>Veni,</span> <span class='ocrx_word' id='word_1_4' title='bbox 404 246 589 288; x_wconf 81' lang='lat' dir='ltr'>redemptor</span> <span class='ocrx_word' id='word_1_5' title='bbox 613 248 766 290; x_wconf 83' lang='lat' dir='ltr'>gentium,</span> <span class='ocrx_word' id='word_1_6' title='bbox 907 249 938 281; x_wconf 87' lang='grc'>3.</span> <span class='ocrx_word' id='word_1_7' title='bbox 964 248 1023 287; x_wconf 85' lang='lat' dir='ltr'>Tu,</span> <span class='ocrx_word' id='word_1_8' title='bbox 1049 247 1101 287; x_wconf 91' lang='lat' dir='ltr'>qui</span> <span class='ocrx_word' id='word_1_9' title='bbox 1127 247 1258 280; x_wconf 81' lang='lat' dir='ltr'>salvasti</span> <span class='ocrx_word' id='word_1_10' title='bbox 1281 245 1441 278; x_wconf 83' lang='lat' dir='ltr'>saeculum</span> 
     </span>
     <span class='ocr_line' id='line_1_3' title="bbox 332 293 1446 336; baseline -0.001 -12"><span class='ocrx_word' id='word_1_11' title='bbox 332 293 423 336; x_wconf 89' lang='lat' dir='ltr'>Veni,</span> <span class='ocrx_word' id='word_1_12' title='bbox 452 297 576 327; x_wconf 83' lang='lat' dir='ltr'>creator</span> <span class='ocrx_word' id='word_1_13' title='bbox 600 295 741 335; x_wconf 78' lang='lat' dir='ltr'>spiritus,</span> <span class='ocrx_word' id='word_1_14' title='bbox 1010 294 1161 326; x_wconf 86' lang='lat' dir='ltr'>Mirando</span> <span class='ocrx_word' id='word_1_15' title='bbox 1185 296 1280 334; x_wconf 87' lang='lat' dir='ltr'>partu</span> <span class='ocrx_word' id='word_1_16' title='bbox 1306 293 1446 333; x_wconf 83' lang='lat' dir='ltr'>virginiS,</span> 
     </span>
     <span class='ocr_line' id='line_1_4' title="bbox 282 339 1445 384; baseline -0.003 -11"><span class='ocrx_word' id='word_1_17' title='bbox 282 340 378 384; x_wconf 86' lang='lat' dir='ltr'>Veni⁷</span> <span class='ocrx_word' id='word_1_18' title='bbox 404 341 472 373; x_wconf 89' lang='lat' dir='ltr'>vita</span> <span class='ocrx_word' id='word_1_19' title='bbox 498 343 680 382; x_wconf 88' lang='lat' dir='ltr'>viventium,</span> <span class='ocrx_word' id='word_1_20' title='bbox 966 341 1013 374; x_wconf 85' lang='lat' dir='ltr'>Ut</span> <span class='ocrx_word' id='word_1_21' title='bbox 1038 339 1212 374; x_wconf 84' lang='lat' dir='ltr'>confundas</span> <span class='ocrx_word' id='word_1_22' title='bbox 1238 340 1445 379; x_wconf 84' lang='lat' dir='ltr'>incredulam,</span> 
     </span>
     <span class='ocr_line' id='line_1_5' title="bbox 332 387 1429 429; baseline -0.001 -10"><span class='ocrx_word' id='word_1_23' title='bbox 332 387 470 420; x_wconf 82' lang='lat' dir='ltr'><strong>Nostros</strong></span> <span class='ocrx_word' id='word_1_24' title='bbox 495 389 593 421; x_wconf 80' lang='lat' dir='ltr'>solari</span> <span class='ocrx_word' id='word_1_25' title='bbox 618 390 762 429; x_wconf 79' lang='lat' dir='ltr'>gemitus,</span> <span class='ocrx_word' id='word_1_26' title='bbox 1015 388 1107 420; x_wconf 87' lang='lat' dir='ltr'>Vires</span> <span class='ocrx_word' id='word_1_27' title='bbox 1133 388 1258 420; x_wconf 83' lang='lat' dir='ltr'>effunde</span> <span class='ocrx_word' id='word_1_28' title='bbox 1281 387 1429 428; x_wconf 87' lang='lat' dir='ltr'>numinis,</span> 
     </span>
     <span class='ocr_line' id='line_1_6' title="bbox 332 432 1506 476; baseline -0.004 -8"><span class='ocrx_word' id='word_1_29' title='bbox 332 435 436 468; x_wconf 86' lang='lat' dir='ltr'>Verus</span> <span class='ocrx_word' id='word_1_30' title='bbox 459 436 552 468; x_wconf 85' lang='lat' dir='ltr'>nobis</span> <span class='ocrx_word' id='word_1_31' title='bbox 573 437 756 476; x_wconf 78' lang='lat' dir='ltr'>paraclitus,</span> <span class='ocrx_word' id='word_1_32' title='bbox 1014 434 1061 467; x_wconf 89' lang='lat' dir='ltr'>Ut</span> <span class='ocrx_word' id='word_1_33' title='bbox 1084 437 1195 467; x_wconf 83' lang='lat' dir='ltr'>contra</span> <span class='ocrx_word' id='word_1_34' title='bbox 1218 436 1321 467; x_wconf 85' lang='lat' dir='ltr'>virum</span> <span class='ocrx_word' id='word_1_35' title='bbox 1345 432 1506 474; x_wconf 87' lang='lat' dir='ltr'>sanguinis</span> 
     </span>
     <span class='ocr_line' id='line_1_7' title="bbox 288 481 1423 523; baseline 0 -10"><span class='ocrx_word' id='word_1_36' title='bbox 288 482 326 514; x_wconf 93' lang='lat' dir='ltr'>In</span> <span class='ocrx_word' id='word_1_37' title='bbox 350 481 415 514; x_wconf 90' lang='lat' dir='ltr'>fide</span> <span class='ocrx_word' id='word_1_38' title='bbox 441 481 534 515; x_wconf 82' lang='lat' dir='ltr'>firma</span> <span class='ocrx_word' id='word_1_39' title='bbox 557 484 719 523; x_wconf 83' lang='lat' dir='ltr'>mentium,</span> <span class='ocrx_word' id='word_1_40' title='bbox 969 484 1072 515; x_wconf 85' lang='lat' dir='ltr'>Tuum</span> <span class='ocrx_word' id='word_1_41' title='bbox 1098 483 1238 514; x_wconf 81' lang='lat' dir='ltr'>exaltent</span> <span class='ocrx_word' id='word_1_42' title='bbox 1262 482 1423 522; x_wconf 87' lang='lat' dir='ltr'>populum,</span> 
     </span>
     <span class='ocr_line' id='line_1_8' title="bbox 287 528 1426 569; baseline -0.001 -9"><span class='ocrx_word' id='word_1_43' title='bbox 287 529 326 562; x_wconf 90' lang='lat' dir='ltr'>In</span> <span class='ocrx_word' id='word_1_44' title='bbox 350 528 414 561; x_wconf 90' lang='lat' dir='ltr'>fine</span> <span class='ocrx_word' id='word_1_45' title='bbox 437 531 640 562; x_wconf 83' lang='lat' dir='ltr'>morientium</span> <span class='ocrx_word' id='word_1_46' title='bbox 969 530 1027 569; x_wconf 76' lang='lat' dir='ltr'>Qui</span> <span class='ocrx_word' id='word_1_47' title='bbox 1052 529 1134 569; x_wconf 83' lang='lat' dir='ltr'>gerit</span> <span class='ocrx_word' id='word_1_48' title='bbox 1158 530 1277 563; x_wconf 86' lang='lat' dir='ltr'>Christi</span> <span class='ocrx_word' id='word_1_49' title='bbox 1300 529 1426 560; x_wconf 86' lang='lat' dir='ltr'>titulum</span> 
     </span>
     <span class='ocr_line' id='line_1_9' title="bbox 336 575 1460 609; baseline 0.001 -2"><span class='ocrx_word' id='word_1_50' title='bbox 336 576 384 607; x_wconf 86' lang='lat' dir='ltr'>Te</span> <span class='ocrx_word' id='word_1_51' title='bbox 406 576 518 609; x_wconf 89' lang='lat' dir='ltr'>laudat</span> <span class='ocrx_word' id='word_1_52' title='bbox 544 577 644 609; x_wconf 86' lang='lat' dir='ltr'>omnis</span> <span class='ocrx_word' id='word_1_53' title='bbox 671 577 783 609; x_wconf 82' lang='lat' dir='ltr'>exitus.</span> <span class='ocrx_word' id='word_1_54' title='bbox 1015 576 1070 608; x_wconf 89' lang='lat' dir='ltr'>Ad</span> <span class='ocrx_word' id='word_1_55' title='bbox 1093 576 1221 608; x_wconf 87' lang='lat' dir='ltr'>laudem</span> <span class='ocrx_word' id='word_1_56' title='bbox 1245 577 1292 608; x_wconf 85' lang='lat' dir='ltr'>tui</span> <span class='ocrx_word' id='word_1_57' title='bbox 1315 575 1460 608; x_wconf 85' lang='lat' dir='ltr'>nominis.</span> 
     </span>
     <span class='ocr_line' id='line_1_10' title="bbox 231 632 1402 673; baseline -0.002 -8"><span class='ocrx_word' id='word_1_58' title='bbox 231 634 263 665; x_wconf 85' lang='lat'>2.</span> <span class='ocrx_word' id='word_1_59' title='bbox 289 632 442 664; x_wconf 83' lang='lat' dir='ltr'>Nostrum</span> <span class='ocrx_word' id='word_1_60' title='bbox 467 642 579 673; x_wconf 84' lang='lat' dir='ltr'>regens</span> <span class='ocrx_word' id='word_1_61' title='bbox 605 633 750 664; x_wconf 83' lang='lat' dir='ltr'>exsilium</span> <span class='ocrx_word' id='word_1_62' title='bbox 912 634 944 666; x_wconf 98' lang='lat'>4.</span> <span class='ocrx_word' id='word_1_63' title='bbox 971 633 996 665; x_wconf 96' lang='lat' dir='ltr'>O</span> <span class='ocrx_word' id='word_1_64' title='bbox 1021 641 1113 672; x_wconf 86' lang='lat' dir='ltr'>quam</span> <span class='ocrx_word' id='word_1_65' title='bbox 1137 632 1233 665; x_wconf 83' lang='lat' dir='ltr'>beata</span> <span class='ocrx_word' id='word_1_66' title='bbox 1256 633 1402 672; x_wconf 88' lang='lat' dir='ltr'>servitus,</span> 
     </span>
     <span class='ocr_line' id='line_1_11' title="bbox 333 678 1493 719; baseline -0.001 -9"><span class='ocrx_word' id='word_1_67' title='bbox 333 679 452 711; x_wconf 83' lang='lat' dir='ltr'>Rorem</span> <span class='ocrx_word' id='word_1_68' title='bbox 475 679 610 712; x_wconf 85' lang='lat' dir='ltr'>infunde</span> <span class='ocrx_word' id='word_1_69' title='bbox 636 680 777 719; x_wconf 75' lang='lat' dir='ltr'>coelitus,</span> <span class='ocrx_word' id='word_1_70' title='bbox 1019 679 1104 718; x_wconf 73' lang='lat' dir='ltr'>Quae</span> <span class='ocrx_word' id='word_1_71' title='bbox 1128 681 1228 712; x_wconf 84' lang='lat' dir='ltr'>servit</span> <span class='ocrx_word' id='word_1_72' title='bbox 1252 682 1283 711; x_wconf 93' lang='lat' dir='ltr'>et</span> <span class='ocrx_word' id='word_1_73' title='bbox 1309 682 1357 711; x_wconf 87' lang='lat' dir='ltr'>est</span> <span class='ocrx_word' id='word_1_74' title='bbox 1380 678 1493 717; x_wconf 85' lang='lat' dir='ltr'>libera,</span> 
     </span>
     <span class='ocr_line' id='line_1_12' title="bbox 288 725 1409 767; baseline 0 -10"><span class='ocrx_word' id='word_1_75' title='bbox 288 726 355 764; x_wconf 73' lang='lat' dir='ltr'>Quo</span> <span class='ocrx_word' id='word_1_76' title='bbox 380 725 471 757; x_wconf 87' lang='lat' dir='ltr'>furor</span> <span class='ocrx_word' id='word_1_77' title='bbox 494 727 762 767; x_wconf 86' lang='lat' dir='ltr'>persequentium,</span> <span class='ocrx_word' id='word_1_78' title='bbox 973 727 1040 765; x_wconf 80' lang='lat' dir='ltr'>Qua</span> <span class='ocrx_word' id='word_1_79' title='bbox 1063 726 1173 758; x_wconf 87' lang='lat' dir='ltr'>mundi</span> <span class='ocrx_word' id='word_1_80' title='bbox 1197 726 1409 766; x_wconf 83' lang='lat' dir='ltr'>miserebitur,</span> 
     </span>
     <span class='ocr_line' id='line_1_13' title="bbox 337 773 1516 816; baseline -0.001 -12"><span class='ocrx_word' id='word_1_81' title='bbox 337 773 408 804; x_wconf 86' lang='lat' dir='ltr'>Non</span> <span class='ocrx_word' id='word_1_82' title='bbox 431 781 489 805; x_wconf 88' lang='lat' dir='ltr'>nos</span> <span class='ocrx_word' id='word_1_83' title='bbox 514 774 645 806; x_wconf 87' lang='lat' dir='ltr'>seducat</span> <span class='ocrx_word' id='word_1_84' title='bbox 670 774 817 816; x_wconf 86' lang='lat' dir='ltr'>ambitus,</span> <span class='ocrx_word' id='word_1_85' title='bbox 1019 773 1101 805; x_wconf 92' lang='lat' dir='ltr'>Dum</span> <span class='ocrx_word' id='word_1_86' title='bbox 1123 776 1263 806; x_wconf 83' lang='lat' dir='ltr'>mutatur</span> <span class='ocrx_word' id='word_1_87' title='bbox 1285 774 1318 805; x_wconf 89' lang='lat' dir='ltr'>in</span> <span class='ocrx_word' id='word_1_88' title='bbox 1344 780 1516 813; x_wconf 82' lang='lat' dir='ltr'>prospera3</span> 
     </span>
     <span class='ocr_line' id='line_1_14' title="bbox 336 819 1468 860; baseline -0.001 -9"><span class='ocrx_word' id='word_1_89' title='bbox 336 819 401 852; x_wconf 85' lang='lat' dir='ltr'>Sed</span> <span class='ocrx_word' id='word_1_90' title='bbox 426 829 514 853; x_wconf 90' lang='lat' dir='ltr'>amor</span> <span class='ocrx_word' id='word_1_91' title='bbox 539 821 599 852; x_wconf 90' lang='lat' dir='ltr'>tibi</span> <span class='ocrx_word' id='word_1_92' title='bbox 625 821 750 853; x_wconf 85' lang='lat' dir='ltr'>debitus</span> <span class='ocrx_word' id='word_1_93' title='bbox 1021 821 1046 853; x_wconf 93' lang='grc' dir='ltr'>Ο</span> <span class='ocrx_word' id='word_1_94' title='bbox 1071 829 1165 860; x_wconf 87' lang='lat' dir='ltr'>quam</span> <span class='ocrx_word' id='word_1_95' title='bbox 1185 820 1318 853; x_wconf 83' lang='lat' dir='ltr'>libertas</span> <span class='ocrx_word' id='word_1_96' title='bbox 1342 820 1468 858; x_wconf 85' lang='lat' dir='ltr'>misera,</span> 
     </span>
     <span class='ocr_line' id='line_1_15' title="bbox 286 866 1489 907; baseline -0.001 -9"><span class='ocrx_word' id='word_1_97' title='bbox 286 867 429 899; x_wconf 78' lang='lat' dir='ltr'>Fervens</span> <span class='ocrx_word' id='word_1_98' title='bbox 455 868 553 900; x_wconf 87' lang='lat' dir='ltr'>corde</span> <span class='ocrx_word' id='word_1_99' title='bbox 575 867 718 900; x_wconf 85' lang='lat' dir='ltr'>fidelium</span> <span class='ocrx_word' id='word_1_100' title='bbox 973 869 1036 900; x_wconf 89' lang='lat' dir='ltr'>Per</span> <span class='ocrx_word' id='word_1_101' title='bbox 1061 876 1153 907; x_wconf 90' lang='lat' dir='ltr'>quam</span> <span class='ocrx_word' id='word_1_102' title='bbox 1176 868 1258 899; x_wconf 90' lang='lat' dir='ltr'>liber</span> <span class='ocrx_word' id='word_1_103' title='bbox 1282 867 1321 899; x_wconf 83' lang='lat' dir='ltr'>fit</span> <span class='ocrx_word' id='word_1_104' title='bbox 1344 866 1489 898; x_wconf 90' lang='lat' dir='ltr'>subditus</span> 
     </span>
     <span class='ocr_line' id='line_1_16' title="bbox 290 914 1418 955; baseline -0.002 -9"><span class='ocrx_word' id='word_1_105' title='bbox 290 915 391 946; x_wconf 81' lang='lat' dir='ltr'>Nobis</span> <span class='ocrx_word' id='word_1_106' title='bbox 416 914 458 946; x_wconf 83' lang='lat' dir='ltr'>ad</span> <span class='ocrx_word' id='word_1_107' title='bbox 484 916 568 948; x_wconf 87' lang='lat' dir='ltr'>vitae</span> <span class='ocrx_word' id='word_1_108' title='bbox 592 916 768 955; x_wconf 87' lang='lat' dir='ltr'>praemium</span> <span class='ocrx_word' id='word_1_109' title='bbox 974 915 1019 947; x_wconf 84' lang='lat' dir='ltr'>Et</span> <span class='ocrx_word' id='word_1_110' title='bbox 1044 915 1132 947; x_wconf 90' lang='lat' dir='ltr'>dives</span> <span class='ocrx_word' id='word_1_111' title='bbox 1155 915 1240 947; x_wconf 86' lang='lat' dir='ltr'>inter</span> <span class='ocrx_word' id='word_1_112' title='bbox 1263 922 1418 954; x_wconf 86' lang='lat' dir='ltr'>prospera</span> 
     </span>
     <span class='ocr_line' id='line_1_17' title="bbox 337 961 1475 1001; baseline 0 -8"><span class='ocrx_word' id='word_1_113' title='bbox 337 961 384 993; x_wconf 85' lang='lat' dir='ltr'>Sit</span> <span class='ocrx_word' id='word_1_114' title='bbox 410 961 470 993; x_wconf 85' lang='lat' dir='ltr'>tibi</span> <span class='ocrx_word' id='word_1_115' title='bbox 494 963 553 994; x_wconf 89' lang='lat' dir='ltr'>soli</span> <span class='ocrx_word' id='word_1_116' title='bbox 581 963 717 994; x_wconf 88' lang='lat' dir='ltr'>deditus.</span> <span class='ocrx_word' id='word_1_117' title='bbox 1021 961 1110 993; x_wconf 86' lang='lat' dir='ltr'>Vivit</span> <span class='ocrx_word' id='word_1_118' title='bbox 1133 962 1295 1001; x_wconf 84' lang='lat' dir='ltr'>gehennae</span> <span class='ocrx_word' id='word_1_119' title='bbox 1318 961 1475 1000; x_wconf 85' lang='lat' dir='ltr'>perditus.</span> 
     </span>
    </p>
   </div>
   <div class='ocr_carea' id='block_1_3' title="bbox 229 1012 1541 1090">
    <p class='ocr_par' dir='ltr' id='par_1_3' title="bbox 229 1012 1541 1090">
     <span class='ocr_line' id='line_1_18' title="bbox 306 1012 1541 1053; baseline -0.002 -9"><span class='ocrx_word' id='word_1_120' title='bbox 306 1017 394 1052; x_wconf 88' lang='lat' dir='ltr'>Trop.</span> <span class='ocrx_word' id='word_1_121' title='bbox 419 1024 473 1043; x_wconf 87' lang='lat' dir='ltr'>ms.</span> <span class='ocrx_word' id='word_1_122' title='bbox 496 1017 591 1053; x_wconf 81' lang='lat' dir='ltr'>Capit.</span> <span class='ocrx_word' id='word_1_123' title='bbox 612 1018 769 1045; x_wconf 73' lang='lat' dir='ltr'>Dertusen.</span> <span class='ocrx_word' id='word_1_124' title='bbox 796 1025 819 1044; x_wconf 89' lang='lat' dir='ltr'>s.</span> <span class='ocrx_word' id='word_1_125' title='bbox 845 1026 873 1044; x_wconf 90' lang='lat' dir='ltr'>n.</span> <span class='ocrx_word' id='word_1_126' title='bbox 894 1025 969 1045; x_wconf 63' lang='lat' dir='ltr'>saec.</span> <span class='ocrx_word' id='word_1_127' title='bbox 991 1014 1035 1044; x_wconf 83' lang='lat'>13.</span> <span class='ocrx_word' id='word_1_128' title='bbox 1059 1031 1097 1035; x_wconf 92' lang='lat'><em>-</em></span> <span class='ocrx_word' id='word_1_129' title='bbox 1122 1014 1149 1049; x_wconf 84' lang='lat'>2,</span> <span class='ocrx_word' id='word_1_130' title='bbox 1172 1015 1190 1045; x_wconf 84' lang='lat'><strong>3</strong></span> <span class='ocrx_word' id='word_1_131' title='bbox 1211 1017 1274 1050; x_wconf 77' lang='lat' dir='ltr'>Que</span> <span class='ocrx_word' id='word_1_132' title='bbox 1293 1016 1381 1043; x_wconf 79' lang='lat' dir='ltr'>furor.</span> <span class='ocrx_word' id='word_1_133' title='bbox 1407 1030 1445 1034; x_wconf 92' lang='grc'>-</span> <span class='ocrx_word' id='word_1_134' title='bbox 1470 1012 1497 1049; x_wconf 84' lang='lat'>3,</span> <span class='ocrx_word' id='word_1_135' title='bbox 1524 1014 1541 1042; x_wconf 82' lang='lat'>5</span> 
     </span>
     <span class='ocr_line' id='line_1_19' title="bbox 229 1053 1194 1090; baseline -0.001 -8"><span class='ocrx_word' id='word_1_136' title='bbox 229 1055 271 1082; x_wconf 75' lang='lat' dir='ltr'>Et</span> <span class='ocrx_word' id='word_1_137' title='bbox 290 1057 401 1082; x_wconf 82' lang='lat' dir='ltr'>contra.</span> <span class='ocrx_word' id='word_1_138' title='bbox 422 1068 459 1073; x_wconf 89' lang='lat'>—</span> <span class='ocrx_word' id='word_1_139' title='bbox 478 1054 506 1089; x_wconf 83' lang='lat'>4,</span> <span class='ocrx_word' id='word_1_140' title='bbox 527 1053 545 1083; x_wconf 85' lang='lat'>3</span> <span class='ocrx_word' id='word_1_141' title='bbox 565 1055 680 1082; x_wconf 84' lang='lat' dir='ltr'>scheint</span> <span class='ocrx_word' id='word_1_142' title='bbox 698 1053 768 1090; x_wconf 81' lang='lat' dir='ltr'>(vgl.</span> <span class='ocrx_word' id='word_1_143' title='bbox 790 1055 846 1083; x_wconf 80' lang='lat' dir='ltr'>den</span> <span class='ocrx_word' id='word_1_144' title='bbox 867 1056 961 1090; x_wconf 84' lang='lat' dir='ltr'>Reim)</span> <span class='ocrx_word' id='word_1_145' title='bbox 979 1054 1194 1082; x_wconf 82' lang='lat' dir='ltr'>verschrieben.</span> 
     </span>
    </p>
   </div>
   <div class='ocr_carea' id='block_1_4' title="bbox 239 1196 1439 1578">
    <p class='ocr_par' dir='ltr' id='par_1_4' title="bbox 239 1196 1439 1578">
     <span class='ocr_line' id='line_1_20' title="bbox 239 1196 1399 1237; baseline -0.004 -6"><span class='ocrx_word' id='word_1_146' title='bbox 239 1199 268 1231; x_wconf 85' lang='lat'>1.</span> <span class='ocrx_word' id='word_1_147' title='bbox 297 1197 441 1230; x_wconf 81' lang='lat' dir='ltr'>Christus</span> <span class='ocrx_word' id='word_1_148' title='bbox 463 1197 530 1237; x_wconf 83' lang='lat' dir='ltr'>jam</span> <span class='ocrx_word' id='word_1_149' title='bbox 554 1197 642 1229; x_wconf 87' lang='lat' dir='ltr'>misit</span> <span class='ocrx_word' id='word_1_150' title='bbox 665 1197 809 1228; x_wconf 82' lang='lat' dir='ltr'>inclitum</span> <span class='ocrx_word' id='word_1_151' title='bbox 920 1198 951 1230; x_wconf 87' lang='lat'>3.</span> <span class='ocrx_word' id='word_1_152' title='bbox 977 1196 1117 1236; x_wconf 79' lang='lat' dir='ltr'>Linguas</span> <span class='ocrx_word' id='word_1_153' title='bbox 1142 1205 1215 1228; x_wconf 86' lang='lat' dir='ltr'>suas</span> <span class='ocrx_word' id='word_1_154' title='bbox 1240 1196 1399 1229; x_wconf 86' lang='lat' dir='ltr'>variantes</span> 
     </span>
     <span class='ocr_line' id='line_1_21' title="bbox 295 1243 1428 1289; baseline -0.004 -12"><span class='ocrx_word' id='word_1_155' title='bbox 295 1245 471 1284; x_wconf 88' lang='lat' dir='ltr'>Discipulis</span> <span class='ocrx_word' id='word_1_156' title='bbox 495 1245 704 1289; x_wconf 79' lang='lat' dir='ltr'>paraclitum3</span> <span class='ocrx_word' id='word_1_157' title='bbox 978 1243 1172 1283; x_wconf 83' lang='lat' dir='ltr'>Eloquentes</span> <span class='ocrx_word' id='word_1_158' title='bbox 1197 1244 1428 1283; x_wconf 84' lang='lat' dir='ltr'>praedicantes.</span> 
     </span>
     <span class='ocr_line' id='line_1_22' title="bbox 344 1291 1356 1334; baseline -0.003 -9"><span class='ocrx_word' id='word_1_159' title='bbox 344 1292 496 1333; x_wconf 87' lang='lat' dir='ltr'>Alleluja,</span> <span class='ocrx_word' id='word_1_160' title='bbox 523 1292 674 1334; x_wconf 86' lang='lat' dir='ltr'>Alleluja,</span> <span class='ocrx_word' id='word_1_161' title='bbox 1028 1291 1178 1334; x_wconf 81' lang='lat' dir='ltr'>Alleluja,</span> <span class='ocrx_word' id='word_1_162' title='bbox 1204 1291 1356 1331; x_wconf 85' lang='lat' dir='ltr'>Alleluja,</span> 
     </span>
     <span class='ocr_line' id='line_1_23' title="bbox 346 1337 1439 1380; baseline -0.003 -8"><span class='ocrx_word' id='word_1_163' title='bbox 346 1339 439 1379; x_wconf 87' lang='lat' dir='ltr'>Veni,</span> <span class='ocrx_word' id='word_1_164' title='bbox 466 1342 577 1372; x_wconf 79' lang='lat' dir='ltr'>sancte</span> <span class='ocrx_word' id='word_1_165' title='bbox 599 1338 766 1379; x_wconf 85' lang='lat' dir='ltr'>paraclite.</span> <span class='ocrx_word' id='word_1_166' title='bbox 1024 1338 1116 1380; x_wconf 83' lang='lat' dir='ltr'>Veni,</span> <span class='ocrx_word' id='word_1_167' title='bbox 1143 1341 1251 1370; x_wconf 86' lang='lat' dir='ltr'>sancte</span> <span class='ocrx_word' id='word_1_168' title='bbox 1275 1337 1439 1377; x_wconf 88' lang='lat' dir='ltr'>paraclite.</span> 
     </span>
     <span class='ocr_line' id='line_1_24' title="bbox 240 1394 1359 1436; baseline -0.004 -7"><span class='ocrx_word' id='word_1_169' title='bbox 240 1398 270 1429; x_wconf 84' lang='lat'>2.</span> <span class='ocrx_word' id='word_1_170' title='bbox 297 1396 403 1436; x_wconf 87' lang='lat' dir='ltr'>Ipsius</span> <span class='ocrx_word' id='word_1_171' title='bbox 428 1397 465 1427; x_wconf 78' lang='lat' dir='ltr'>ut</span> <span class='ocrx_word' id='word_1_172' title='bbox 486 1396 647 1436; x_wconf 83' lang='lat' dir='ltr'>magnalia</span> <span class='ocrx_word' id='word_1_173' title='bbox 923 1397 955 1429; x_wconf 89' lang='lat'>4.</span> <span class='ocrx_word' id='word_1_174' title='bbox 982 1395 1068 1434; x_wconf 79' lang='lat' dir='ltr'>Ergo</span> <span class='ocrx_word' id='word_1_175' title='bbox 1095 1394 1221 1426; x_wconf 89' lang='lat' dir='ltr'>decenti</span> <span class='ocrx_word' id='word_1_176' title='bbox 1244 1394 1359 1434; x_wconf 83' lang='lat' dir='ltr'>gaudio</span> 
     </span>
     <span class='ocr_line' id='line_1_25' title="bbox 296 1441 1392 1480; baseline -0.004 -4"><span class='ocrx_word' id='word_1_177' title='bbox 296 1445 359 1476; x_wconf 87' lang='lat' dir='ltr'>Per</span> <span class='ocrx_word' id='word_1_178' title='bbox 379 1443 491 1476; x_wconf 86' lang='lat' dir='ltr'>mundi</span> <span class='ocrx_word' id='word_1_179' title='bbox 515 1443 639 1475; x_wconf 84' lang='lat' dir='ltr'>ferrent</span> <span class='ocrx_word' id='word_1_180' title='bbox 663 1443 799 1474; x_wconf 87' lang='lat' dir='ltr'>climata.</span> <span class='ocrx_word' id='word_1_181' title='bbox 981 1442 1212 1474; x_wconf 85' lang='lat' dir='ltr'>Benedicamus</span> <span class='ocrx_word' id='word_1_182' title='bbox 1235 1441 1392 1480; x_wconf 82' lang='lat' dir='ltr'>Domino3</span> 
     </span>
     <span class='ocr_line' id='line_1_26' title="bbox 346 1489 1359 1532; baseline -0.003 -9"><span class='ocrx_word' id='word_1_183' title='bbox 346 1491 498 1532; x_wconf 87' lang='lat' dir='ltr'>Alleluja,</span> <span class='ocrx_word' id='word_1_184' title='bbox 524 1491 677 1530; x_wconf 67' lang='lat' dir='ltr'>Alleluia,</span> <span class='ocrx_word' id='word_1_185' title='bbox 1030 1489 1182 1530; x_wconf 86' lang='lat' dir='ltr'>Alleluja,</span> <span class='ocrx_word' id='word_1_186' title='bbox 1208 1489 1359 1528; x_wconf 80' lang='lat' dir='ltr'>Alleluja,</span> 
     </span>
     <span class='ocr_line' id='line_1_27' title="bbox 345 1536 1419 1578; baseline -0.005 -7"><span class='ocrx_word' id='word_1_187' title='bbox 345 1538 437 1578; x_wconf 88' lang='lat' dir='ltr'>Veni,</span> <span class='ocrx_word' id='word_1_188' title='bbox 464 1541 574 1571; x_wconf 88' lang='lat' dir='ltr'>sancte</span> <span class='ocrx_word' id='word_1_189' title='bbox 597 1537 762 1577; x_wconf 82' lang='lat' dir='ltr'>paraclite.</span> <span class='ocrx_word' id='word_1_190' title='bbox 1029 1536 1098 1568; x_wconf 89' lang='lat' dir='ltr'>Deo</span> <span class='ocrx_word' id='word_1_191' title='bbox 1125 1536 1265 1568; x_wconf 88' lang='lat' dir='ltr'>dicamus</span> <span class='ocrx_word' id='word_1_192' title='bbox 1291 1536 1419 1575; x_wconf 81' lang='lat' dir='ltr'>gratias.</span> 
     </span>
    </p>
   </div>
   <div class='ocr_carea' id='block_1_5' title="bbox 315 1598 1377 1640">
    <p class='ocr_par' dir='ltr' id='par_1_5' title="bbox 315 1598 1377 1640">
     <span class='ocr_line' id='line_1_28' title="bbox 315 1598 1377 1640; baseline -0.005 -7"><span class='ocrx_word' id='word_1_193' title='bbox 315 1604 405 1633; x_wconf 80' lang='lat' dir='ltr'>Grad.</span> <span class='ocrx_word' id='word_1_194' title='bbox 425 1612 479 1631; x_wconf 72' lang='lat' dir='ltr'>ms.</span> <span class='ocrx_word' id='word_1_195' title='bbox 499 1604 711 1640; x_wconf 77' lang='lat' dir='ltr'>Mosburgense</span> <span class='ocrx_word' id='word_1_196' title='bbox 731 1603 801 1629; x_wconf 86' lang='lat' dir='ltr'>anni</span> <span class='ocrx_word' id='word_1_197' title='bbox 823 1600 904 1630; x_wconf 84' lang='lat'>1360.</span> <span class='ocrx_word' id='word_1_198' title='bbox 941 1602 1010 1630; x_wconf 88' lang='lat' dir='ltr'>Cod.</span> <span class='ocrx_word' id='word_1_199' title='bbox 1030 1602 1120 1630; x_wconf 83' lang='lat' dir='ltr'>Univ.</span> <span class='ocrx_word' id='word_1_200' title='bbox 1140 1602 1291 1630; x_wconf 84' lang='lat' dir='ltr'>Monacen.</span> <span class='ocrx_word' id='word_1_201' title='bbox 1314 1598 1377 1628; x_wconf 83' lang='lat'>157.</span> 
     </span>
    </p>
   </div>
   <div class='ocr_carea' id='block_1_6' title="bbox 244 1754 1457 2033">
    <p class='ocr_par' dir='ltr' id='par_1_6' title="bbox 244 1754 1457 2033">
     <span class='ocr_line' id='line_1_29' title="bbox 244 1754 1236 1797; baseline -0.005 -6"><span class='ocrx_word' id='word_1_202' title='bbox 244 1759 274 1793; x_wconf 85' lang='lat'>1.</span> <span class='ocrx_word' id='word_1_203' title='bbox 301 1757 470 1790; x_wconf 89' lang='lat' dir='ltr'>Descende</span> <span class='ocrx_word' id='word_1_204' title='bbox 496 1757 638 1797; x_wconf 90' lang='lat' dir='ltr'>coelitus,</span> <span class='ocrx_word' id='word_1_205' title='bbox 928 1758 960 1789; x_wconf 88' lang='lat'>2.</span> <span class='ocrx_word' id='word_1_206' title='bbox 986 1754 1090 1788; x_wconf 85' lang='lat' dir='ltr'>Solari</span> <span class='ocrx_word' id='word_1_207' title='bbox 1114 1755 1236 1794; x_wconf 89' lang='lat' dir='ltr'>solitus,</span> 
     </span>
     <span class='ocr_line' id='line_1_30' title="bbox 302 1802 1311 1847; baseline -0.004 -9"><span class='ocrx_word' id='word_1_208' title='bbox 302 1805 328 1838; x_wconf 91' lang='lat' dir='ltr'><em>O</em></span> <span class='ocrx_word' id='word_1_209' title='bbox 349 1807 460 1837; x_wconf 74' lang='lat' dir='ltr'>sancte</span> <span class='ocrx_word' id='word_1_210' title='bbox 483 1805 627 1847; x_wconf 74' lang='lat' dir='ltr'>spiritus,</span> <span class='ocrx_word' id='word_1_211' title='bbox 987 1802 1013 1836; x_wconf 90' lang='lat' dir='ltr'><em>O</em></span> <span class='ocrx_word' id='word_1_212' title='bbox 1036 1804 1146 1835; x_wconf 74' lang='lat' dir='ltr'>sancte</span> <span class='ocrx_word' id='word_1_213' title='bbox 1168 1802 1311 1843; x_wconf 70' lang='lat' dir='ltr'>spiritus,</span> 
     </span>
     <span class='ocr_line' id='line_1_31' title="bbox 301 1850 1322 1892; baseline -0.004 -7"><span class='ocrx_word' id='word_1_214' title='bbox 301 1853 483 1885; x_wconf 78' lang='lat' dir='ltr'>Renovetur</span> <span class='ocrx_word' id='word_1_215' title='bbox 504 1853 633 1892; x_wconf 83' lang='lat' dir='ltr'>penitus</span> <span class='ocrx_word' id='word_1_216' title='bbox 987 1850 1044 1882; x_wconf 85' lang='lat' dir='ltr'>Sui</span> <span class='ocrx_word' id='word_1_217' title='bbox 1071 1850 1126 1881; x_wconf 90' lang='lat' dir='ltr'>det</span> <span class='ocrx_word' id='word_1_218' title='bbox 1148 1850 1322 1890; x_wconf 82' lang='lat' dir='ltr'>paraclitus</span> 
     </span>
     <span class='ocr_line' id='line_1_32' title="bbox 350 1897 1384 1940; baseline -0.004 -9"><span class='ocrx_word' id='word_1_219' title='bbox 350 1900 464 1931; x_wconf 87' lang='lat' dir='ltr'>Facies</span> <span class='ocrx_word' id='word_1_220' title='bbox 488 1899 707 1940; x_wconf 81' lang='lat' dir='ltr'>terrestrium3</span> <span class='ocrx_word' id='word_1_221' title='bbox 1033 1897 1162 1929; x_wconf 85' lang='lat' dir='ltr'>Amoris</span> <span class='ocrx_word' id='word_1_222' title='bbox 1184 1897 1384 1935; x_wconf 78' lang='lat' dir='ltr'>incendium3</span> 
     </span>
     <span class='ocr_line' id='line_1_33' title="bbox 305 1944 1381 1987; baseline -0.005 -8"><span class='ocrx_word' id='word_1_223' title='bbox 305 1948 395 1987; x_wconf 89' lang='lat' dir='ltr'>Veni,</span> <span class='ocrx_word' id='word_1_224' title='bbox 422 1949 532 1978; x_wconf 83' lang='lat' dir='ltr'>sancte</span> <span class='ocrx_word' id='word_1_225' title='bbox 556 1946 698 1986; x_wconf 86' lang='lat' dir='ltr'>spiritus,</span> <span class='ocrx_word' id='word_1_226' title='bbox 988 1944 1079 1987; x_wconf 84' lang='lat' dir='ltr'>Veni,</span> <span class='ocrx_word' id='word_1_227' title='bbox 1106 1947 1215 1976; x_wconf 88' lang='lat' dir='ltr'>sancte</span> <span class='ocrx_word' id='word_1_228' title='bbox 1239 1944 1381 1984; x_wconf 78' lang='lat' dir='ltr'>spiritus,</span> 
     </span>
     <span class='ocr_line' id='line_1_34' title="bbox 353 1990 1457 2033; baseline -0.005 -6"><span class='ocrx_word' id='word_1_229' title='bbox 353 1994 507 2027; x_wconf 85' lang='lat' dir='ltr'>Nostrum</span> <span class='ocrx_word' id='word_1_230' title='bbox 532 1996 599 2024; x_wconf 91' lang='lat' dir='ltr'>esto</span> <span class='ocrx_word' id='word_1_231' title='bbox 625 1992 783 2033; x_wconf 86' lang='lat' dir='ltr'>gaudium.</span> <span class='ocrx_word' id='word_1_232' title='bbox 1034 1991 1187 2023; x_wconf 77' lang='lat' dir='ltr'>Nostrum</span> <span class='ocrx_word' id='word_1_233' title='bbox 1211 1994 1278 2023; x_wconf 87' lang='lat' dir='ltr'>esto</span> <span class='ocrx_word' id='word_1_234' title='bbox 1301 1990 1457 2030; x_wconf 85' lang='lat' dir='ltr'>gaudium.</span> 
     </span>
    </p>
   </div>
   <div class='ocr_carea' id='block_1_7' title="bbox 647 2048 1177 2325">
    <p class='ocr_par' dir='ltr' id='par_1_7' title="bbox 647 2048 1177 2325">
     <span class='ocr_line' id='line_1_35' title="bbox 647 2048 1009 2089; baseline -0.008 -7"><span class='ocrx_word' id='word_1_235' title='bbox 647 2050 678 2082; x_wconf 82' lang='lat'>3.</span> <span class='ocrx_word' id='word_1_236' title='bbox 704 2048 852 2080; x_wconf 85' lang='lat' dir='ltr'>Adsistat</span> <span class='ocrx_word' id='word_1_237' title='bbox 875 2048 1009 2089; x_wconf 87' lang='lat' dir='ltr'>genitus,</span> 
     </span>
     <span class='ocr_line' id='line_1_36' title="bbox 702 2095 1028 2136; baseline -0.006 -7"><span class='ocrx_word' id='word_1_238' title='bbox 702 2095 728 2129; x_wconf 91' lang='grc' dir='ltr'><em>Ο</em></span> <span class='ocrx_word' id='word_1_239' title='bbox 752 2098 862 2128; x_wconf 70' lang='lat' dir='ltr'>sancte</span> <span class='ocrx_word' id='word_1_240' title='bbox 884 2095 1028 2136; x_wconf 75' lang='lat' dir='ltr'>spiritus,</span> 
     </span>
     <span class='ocr_line' id='line_1_37' title="bbox 702 2142 1027 2183; baseline -0.003 -8"><span class='ocrx_word' id='word_1_241' title='bbox 702 2142 836 2175; x_wconf 79' lang='lat' dir='ltr'>Genitor</span> <span class='ocrx_word' id='word_1_242' title='bbox 859 2142 1027 2183; x_wconf 82' lang='lat' dir='ltr'>ingenitus,</span> 
     </span>
     <span class='ocr_line' id='line_1_38' title="bbox 749 2188 1169 2230; baseline -0.005 -8"><span class='ocrx_word' id='word_1_243' title='bbox 749 2190 818 2223; x_wconf 82' lang='lat' dir='ltr'>Nos</span> <span class='ocrx_word' id='word_1_244' title='bbox 841 2191 946 2223; x_wconf 82' lang='lat' dir='ltr'>salvet</span> <span class='ocrx_word' id='word_1_245' title='bbox 967 2198 1027 2230; x_wconf 85' lang='lat' dir='ltr'>per</span> <span class='ocrx_word' id='word_1_246' title='bbox 1050 2188 1169 2230; x_wconf 68' lang='lat' dir='ltr'>filium,</span> 
     </span>
     <span class='ocr_line' id='line_1_39' title="bbox 701 2237 1091 2279; baseline -0.008 -8"><span class='ocrx_word' id='word_1_247' title='bbox 701 2238 793 2278; x_wconf 87' lang='lat' dir='ltr'>Veni,</span> <span class='ocrx_word' id='word_1_248' title='bbox 819 2240 930 2271; x_wconf 89' lang='lat' dir='ltr'>sancte</span> <span class='ocrx_word' id='word_1_249' title='bbox 949 2237 1091 2279; x_wconf 88' lang='lat' dir='ltr'>spiritus,</span> 
     </span>
     <span class='ocr_line' id='line_1_40' title="bbox 748 2282 1177 2325; baseline 0.002 -8"><span class='ocrx_word' id='word_1_250' title='bbox 748 2284 902 2318; x_wconf 79' lang='lat' dir='ltr'>Nostrum</span> <span class='ocrx_word' id='word_1_251' title='bbox 928 2288 994 2317; x_wconf 87' lang='lat' dir='ltr'>esto</span> <span class='ocrx_word' id='word_1_252' title='bbox 1018 2282 1177 2325; x_wconf 79' lang='lat' dir='ltr'>gaudium.</span> 
     </span>
    </p>
   </div>
   <div class='ocr_carea' id='block_1_8' title="bbox 248 2348 1557 2428">
    <p class='ocr_par' dir='ltr' id='par_1_8' title="bbox 248 2348 1557 2428">
     <span class='ocr_line' id='line_1_41' title="bbox 324 2348 1557 2382; baseline -0.006 0"><span class='ocrx_word' id='word_1_253' title='bbox 324 2354 407 2382; x_wconf 85' lang='lat' dir='ltr'>Cant.</span> <span class='ocrx_word' id='word_1_254' title='bbox 427 2361 481 2381; x_wconf 78' lang='lat' dir='ltr'>ms,</span> <span class='ocrx_word' id='word_1_255' title='bbox 501 2354 583 2381; x_wconf 86' lang='lat' dir='ltr'>Petri</span> <span class='ocrx_word' id='word_1_256' title='bbox 602 2352 638 2379; x_wconf 84' lang='lat' dir='ltr'>de</span> <span class='ocrx_word' id='word_1_257' title='bbox 656 2350 781 2379; x_wconf 84' lang='lat' dir='ltr'>Medicis</span> <span class='ocrx_word' id='word_1_258' title='bbox 802 2359 877 2379; x_wconf 79' lang='lat' dir='ltr'>saec.</span> <span class='ocrx_word' id='word_1_259' title='bbox 900 2348 944 2379; x_wconf 85' lang='lat'>13.</span> <span class='ocrx_word' id='word_1_260' title='bbox 976 2349 1044 2377; x_wconf 88' lang='lat' dir='ltr'>Cod.</span> <span class='ocrx_word' id='word_1_261' title='bbox 1058 2350 1248 2378; x_wconf 80' lang='lat' dir='ltr'>Laurentian.</span> <span class='ocrx_word' id='word_1_262' title='bbox 1262 2349 1304 2377; x_wconf 88' lang='lat' dir='ltr'>Pl.</span> <span class='ocrx_word' id='word_1_263' title='bbox 1325 2348 1370 2378; x_wconf 84' lang='lat'>29.</span> <span class='ocrx_word' id='word_1_264' title='bbox 1393 2348 1419 2377; x_wconf 88' lang='lat'>1.</span> <span class='ocrx_word' id='word_1_265' title='bbox 1443 2367 1477 2371; x_wconf 89' lang='lat'>—</span> <span class='ocrx_word' id='word_1_266' title='bbox 1496 2352 1557 2379; x_wconf 74' lang='lat' dir='ltr'>Aug</span> 
     </span>
     <span class='ocr_line' id='line_1_42' title="bbox 248 2388 1557 2428; baseline -0.004 -6"><span class='ocrx_word' id='word_1_267' title='bbox 248 2395 299 2422; x_wconf 87' lang='lat' dir='ltr'>der</span> <span class='ocrx_word' id='word_1_268' title='bbox 312 2393 396 2421; x_wconf 83' lang='lat' dir='ltr'>XIH.</span> <span class='ocrx_word' id='word_1_269' title='bbox 404 2392 566 2428; x_wconf 84' lang='lat' dir='ltr'>Abteilung</span> <span class='ocrx_word' id='word_1_270' title='bbox 575 2391 626 2419; x_wconf 82' lang='lat' dir='ltr'>der</span> <span class='ocrx_word' id='word_1_271' title='bbox 634 2390 663 2418; x_wconf 86' lang='lat' dir='ltr'>H</span> <span class='ocrx_word' id='word_1_272' title='bbox 668 2388 830 2420; x_wconf 79' lang='lat' dir='ltr'>andschrift</span> <span class='ocrx_word' id='word_1_273' title='bbox 837 2389 898 2417; x_wconf 89' lang='lat' dir='ltr'>und</span> <span class='ocrx_word' id='word_1_274' title='bbox 907 2390 997 2417; x_wconf 77' lang='lat' dir='ltr'>somit</span> <span class='ocrx_word' id='word_1_275' title='bbox 1007 2388 1159 2416; x_wconf 82' lang='lat' dir='ltr'>vielleicht</span> <span class='ocrx_word' id='word_1_276' title='bbox 1167 2397 1226 2416; x_wconf 89' lang='lat' dir='ltr'>von</span> <span class='ocrx_word' id='word_1_277' title='bbox 1232 2388 1388 2425; x_wconf 81' lang='lat' dir='ltr'>Philippus</span> <span class='ocrx_word' id='word_1_278' title='bbox 1397 2389 1433 2417; x_wconf 84' lang='lat' dir='ltr'>de</span> <span class='ocrx_word' id='word_1_279' title='bbox 1441 2389 1557 2418; x_wconf 81' lang='lat' dir='ltr'>Grevia.</span> 
     </span>
    </p>
   </div>
  </div>
 </body>
</html>
