1653 2566
689 88 947 125 -101—

161 181 192 213 3.
221 181 286 215 Ubi
311 184 394 224 sunt,
423 183 476 223 qui
502 186 576 215 ante
599 193 656 216 nos

267 229 300 260 in
325 230 387 262 hoe
410 232 527 264 mundo
555 232 673 273 vixere,

221 275 336 308 Venies
362 279 404 311 ad
428 279 577 319 tumulos,

267 324 295 355 si
318 325 366 356 vis
392 335 445 358 eos
471 335 633 368 quaerere,

222 370 353 403 Cineres
380 376 412 405 et
434 382 558 405 vermes
582 376 665 414 sunt,

268 427 381 450 carnes
407 425 638 460 computruere.

220 466 331 506 Surge,
357 475 461 510 surge,
487 468 595 508 vigila,

266 522 393 553 semper
418 518 485 547 esto
510 518 652 554 paratus.

187 613 194 620 .
220 588 300 620 Tela
324 589 372 620 sic
396 599 513 622 aranea

268 637 317 667 est
340 638 450 670 mundi
473 646 624 676 praesens
651 637 724 675 vita,

218 682 355 714 Labitur
380 687 411 716 et
436 683 603 725 frangitur²

267 739 331 762 non
362 735 411 763 est
434 732 468 763 in
493 734 560 763 tuto
586 732 658 774 sita,

221 776 346 808 Labilis
377 781 409 810 et
432 777 555 819 fragilis

266 833 350 855 nunc
375 828 425 857 est
446 826 617 857 inexanita.

221 870 332 912 Surge,
358 881 463 913 surge,
490 873 596 913 vigila,

266 927 393 959 semper
418 923 485 952 esto
510 923 655 960 paratus.

847 189 878 219 5.
904 185 976 218 Hoc
999 185 1032 217 in
1057 185 1173 218 mundo
1197 185 1338 218 nascitur

952 234 1001 265 vir
1026 234 1125 266 omnis
1149 243 1219 266 cum
1244 240 1397 272 moerore,

905 282 1011 320 Atque
1035 281 1102 313 vita
1128 281 1253 314 ducitur

950 328 1088 361 humana
1113 338 1181 360 cum
1205 328 1324 369 labore,

904 376 982 407 Post
1006 378 1179 407 extremum
1205 374 1362 407 clauditur

953 431 1021 453 cum
1047 421 1167 455 funeris
1192 423 1309 456 dolore.

906 469 1015 509 Surge,
1039 478 1142 510 surge,
1170 470 1274 510 vigila,

950 525 1076 556 semper
1101 520 1167 549 esto
1192 520 1331 557 paratus

871 619 877 625 .
904 591 939 624 Si
964 600 1133 624 conversus
1159 591 1257 624 fueris

950 648 1034 671 nunc
1057 640 1145 680 quasi
1170 648 1249 679 puer
1272 642 1365 671 natus

905 686 949 718 Et
973 695 993 718 a
1015 686 1079 719 tuis
1103 687 1189 719 vitiis

952 733 1055 765 animo
1080 737 1242 774 purgatus,

905 781 995 812 Tunc
1018 779 1143 821 fruique
1166 781 1286 821 poteris

953 836 1048 867 regno
1072 829 1134 860 Dei
1160 828 1282 860 beatus.

905 874 1015 914 Surge,
1042 883 1144 915 surge,
1171 875 1277 915 vigila,

951 930 1076 961 semper
1101 925 1167 954 esto
1192 925 1332 962 paratus.

504 996 535 1027 7.
561 995 659 1034 Quam
684 993 795 1027 felices
819 994 918 1035 fuere,

605 1042 659 1081 qui
685 1050 754 1073 cum
779 1042 904 1075 Christo
929 1042 1116 1083 regnabunt,

558 1088 657 1120 Facie
682 1089 722 1120 ad
749 1088 862 1121 faeiem

606 1145 676 1167 cum
699 1136 804 1177 ipsum
828 1136 1070 1177 adspectabunt,

557 1183 701 1221 Sanctus,
728 1187 865 1224 sanctus,
893 1183 1042 1223 Sabaoth,

602 1230 755 1263 Hosanna
784 1231 1033 1263 conclamabunt.

557 1277 667 1317 Surge,
694 1287 799 1319 surge,
825 1279 932 1318 vigila,

602 1333 729 1364 semper
754 1329 822 1357 esto
847 1328 987 1365 paratus.

231 1409 319 1444 Trop.
340 1417 393 1436 ms.
413 1409 598 1436 Dublinense
617 1416 694 1436 saec.
716 1407 760 1437 13.
801 1408 871 1436 Cod.
894 1408 1101 1444 Cantabrigen.
1122 1408 1195 1435 Add.
1216 1407 1281 1436 710.

765 1542 860 1571 151.

158 1618 187 1651 1.
214 1618 363 1650 Scribere
386 1620 539 1660 proposui
842 1621 872 1652 3.
899 1618 969 1650 Nisi
1003 1626 1172 1651 conversus
1196 1617 1295 1650 fueris

262 1666 302 1698 de
327 1669 509 1707 contemptu
533 1667 702 1709 mundano,

212 1713 257 1746 Ut
285 1714 435 1754 degentes
460 1715 581 1746 saeculi

261 1761 334 1793 Non
359 1763 537 1794 mulcentur
560 1762 665 1802 inam,

214 1808 286 1841 Jam
313 1812 362 1841 est
385 1811 466 1842 hora
490 1818 621 1850 surgere

261 1858 290 1889 A
315 1866 425 1889 somno
449 1858 561 1889 mortis
585 1866 696 1897 pravo.

212 1904 266 1935 Ad
291 1907 425 1936 mortem
450 1904 645 1945 fesiiuamus,

215 1951 353 1982 Peccare
378 1952 577 1983 desistamus.

180 2055 186 2062 .
212 2028 288 2060 Vita
312 2027 419 2059 brevis
444 2027 585 2059 breviter

259 2075 293 2107 in
318 2074 409 2108 brevi
433 2074 571 2115 finietur,

211 2123 303 2155 Mors
328 2123 417 2154 venit
440 2122 602 2163 velociter,

261 2179 342 2211 quae
366 2170 523 2202 neminem
548 2171 685 2207 veretur,

212 2218 325 2252 Omnia
349 2227 435 2250 mors
459 2217 589 2258 perimit

259 2269 292 2298 et
314 2266 397 2298 nulli
419 2266 599 2297 miseretur.

210 2315 265 2348 Ad
295 2316 430 2346 mortem
454 2312 651 2351 festinamus,

258 2363 398 2395 Peecare
427 2362 637 2411 desistamus„

946 1666 991 1698 Et
1014 1666 1097 1697 sieut
1120 1674 1200 1705 puer
1224 1664 1328 1697 factus

898 1714 940 1745 Et
966 1713 1064 1745 vitam
1088 1714 1259 1745 mutaveris

944 1762 983 1793 In
1007 1760 1155 1793 meliores
1180 1763 1279 1801 actus,

898 1810 1026 1841 1ntrare
1049 1817 1112 1840 non
1137 1808 1257 1848 poteris

944 1856 1086 1896 Regnum
1110 1856 1171 1888 Dei
1197 1856 1307 1887 beatur

897 1904 950 1935 Ad
974 1906 1106 1934 mortem
1132 1902 1327 1946 festinamus,

898 1951 1036 1983 Peccare
1062 1950 1259 1982 desistamus.

838 2028 869 2059 4.
890 2025 981 2058 Tuba
1005 2034 1074 2057 cum
1099 2026 1250 2065 sonuerit,

946 2073 1013 2104 dies
1043 2074 1104 2105 erit
1128 2076 1278 2115 extrema,

897 2120 942 2152 Et
962 2120 1062 2159 judex
1087 2121 1263 2163 advenerit,

946 2167 1083 2200 vocabit
1111 2168 1305 2209 sempiterna

897 2215 1027 2248 Electos
1055 2217 1089 2248 in
1115 2216 1230 2259 patna,

944 2265 1119 2303 praescitos
1147 2264 1189 2296 ad
1212 2262 1347 2295 inferna.

898 2311 952 2343 Ad
974 2314 1107 2344 mortem
1133 2311 1328 2352 festinamus,

898 2359 1038 2391 Peceare
1063 2361 1261 2393 desistamus.

830 2459 905 2486 “Nx

911 2489 975 2514 sqq
