1653 2566
688 72 946 108 —123—

553 220 682 253 Utilitas
703 223 854 262 quaedam
876 222 1088 254 detractionis.

171 276 202 308 1.
229 277 409 311 Procurans
435 281 541 313 odium
850 285 883 317 2.
909 284 1050 316 Insultus
1075 282 1186 314 talium

274 325 400 358 Effectu
428 329 558 368 proprio
954 332 1110 363 Prodesse
1134 329 1245 369 sentio,

226 370 289 403 Vix
316 373 550 406 detrahentium
907 378 1056 411 Tollendi
1081 376 1221 408 taedium

275 419 403 452 Gaudet
426 421 570 463 intentio,
953 424 1064 456 Fluxit
1088 423 1223 463 occasio,

225 465 334 498 Nexus
361 470 410 498 est
434 470 577 501 cordium
905 469 1081 511 Suspendit
1104 471 1252 511 gaudium

273 514 350 553 Ipsa
374 515 539 556 detractio,
950 519 1054 551 Prono
1081 518 1222 561 consilio,

224 559 279 591 Sic
302 569 362 601 per
387 563 580 594 contrarium
906 565 970 597 Sed
996 565 1188 597 desiderium

271 608 322 639 Ab
348 608 440 641 hoste
462 610 568 642 nescio
952 613 1057 653 Auget
1081 612 1202 654 dilatio,

272 655 328 687 Fit
351 656 405 687 hic
427 657 579 699 provisio,
952 660 1023 692 Tali
1048 659 1188 691 remedio

221 702 260 734 In
284 702 346 734 hoc
369 704 541 735 amantium
905 706 955 738 De
979 707 1079 747 spinis
1103 706 1239 737 hostium

270 749 363 781 Felix
387 751 537 784 conditio.
953 755 1041 787 Uvas
1065 753 1234 787 vindemia

241 813 324 841 Cant.
345 824 398 843 ms.
418 815 500 843 Petri
520 816 556 843 de
573 816 697 844 Medicis
720 824 795 845 saec.
819 815 862 845 1‘0.
899 818 968 846 God.
988 819 1177 846 Laurentian.
1197 818 1242 845 Pl.
1262 816 1308 845 29.
1331 816 1354 844 1.
1375 818 1410 844 A.
1430 833 1468 837 —

166 851 248 879 Cant.
270 860 323 879 ms.
337 854 512 881 Toletanum
532 863 608 882 saec.
631 851 675 881 13.
712 855 782 882 God.
797 855 945 883 Matriten.
958 857 1052 884 Tolet.
1073 853 1129 883 930
1142 853 1283 890 (33—23).
1297 856 1331 883 B.
1345 869 1382 874 —
1397 855 1466 882 Cod.

161 889 317 917 Monacen.
336 888 384 923 (ol.
406 891 552 927 Diessen.)
572 889 655 920 5539.
677 901 752 920 saec.
775 891 820 920 14.
842 893 873 920 C.
893 908 932 912 ——-
952 893 1044 922 Car-m.
1066 894 1184 920 Burana
1205 891 1266 920 165.
1287 894 1324 920 D.
1346 908 1382 912 -—-
1403 891 1428 927 1,
1448 890 1466 920 3

160 927 216 954 Jus
237 927 452 956 detrahentium
472 930 532 957 AB.
557 946 594 950 —-
623 928 649 962 1,
668 929 685 956 7
706 930 764 958 Sed
784 930 959 959 desiderium
980 933 1016 959 D.
1044 946 1081 951 ——
1109 929 1133 964 1,
1156 929 1189 959 11
1212 931 1355 958 Contritio
1378 931 1408 957 C.
1429 945 1467 949 —

161 964 219 992 Str.
241 963 258 991 2
278 965 352 993 fehlt
364 967 396 994 B.
418 982 456 986 —
478 966 504 1002 2,
527 967 543 996 5
565 968 752 1004 Suspendant
763 968 800 995 D.
823 983 860 987 —
880 967 906 1002 2,
927 968 945 997 6
961 970 1057 997 Parvo
1078 968 1200 996 consilio
1216 969 1248 1003 A,
1269 969 1364 996 Pravo
1377 969 1415 996 D.
1429 983 1459 987 —

161 1000 186 1036 2,
211 1002 228 1030 7
249 1002 299 1030 Sic
318 1013 370 1039 per
390 1007 569 1033 contrarium
588 1007 626 1034 D.

773 1099 864 1129 lw.

342 1162 500 1194 Canticum
520 1171 653 1204 sponsae
675 1163 865 1205 depromtum
886 1173 925 1196 ex
946 1165 1070 1196 cantico
1092 1162 1289 1194 canticorum.

167 1235 198 1266 1.
227 1233 306 1266 Cum
330 1242 448 1273 sponsa
469 1243 617 1273 sponsum
635 1234 793 1273 quaeritat
851 1236 882 1268 3.
910 1234 1063 1267 Corvinus
1088 1233 1193 1273 nigret
1217 1233 1356 1264 crinibus

271 1282 428 1314 Percussa
453 1281 586 1313 vulnere
954 1282 1001 1314 Ut
1023 1280 1148 1321 palmae
1171 1279 1267 1322 foliis,

224 1328 363 1368 Amoris,
391 1328 455 1360 alte
480 1329 620 1360 clamitat
909 1328 1080 1361 Columbae
1104 1328 1162 1359 sed
1185 1327 1356 1359 luminibus

270 1376 400 1408 Timens
428 1374 579 1409 deficere:
955 1376 1093 1408 Ornatur
1121 1374 1243 1415 lacteis,

223 1423 349 1462 Adjuro
372 1432 439 1464 vos,
466 1432 484 1455 o
508 1422 595 1455 filiae
907 1423 1045 1454 Fluenta
1065 1422 1158 1461 juxta
1179 1422 1325 1464 maxima,

268 1470 448 1504 Jerusalem
471 1478 654 1510 praecarae,
954 1470 1037 1502 Nam
1061 1469 1189 1502 humilis
1210 1471 1354 1511 pacator,

223 1518 347 1558 Sponso
374 1518 489 1549 dilecto
515 1518 612 1549 nimie
905 1518 952 1550 Ut
974 1518 1083 1557 palma
1108 1515 1202 1548 floret
1225 1516 1356 1557 optima,

270 1565 385 1597 Velitis
405 1565 563 1605 nuntiare,
954 1565 999 1597 Et
1022 1564 1158 1603 simplex
1181 1564 1384 1603 praedicator

319 1612 409 1651 Quod
432 1613 502 1644 zelo
524 1613 670 1653 langueO.
1001 1612 1093 1644 Nitet
1117 1620 1223 1643 coram
1249 1620 1294 1643 eo.

163 1660 206 1693 ΒΟ
223 1659 432 1700 Respondent
455 1660 547 1692 simul
573 1662 683 1692 natae:
848 1661 890 1692 R0
908 1660 1116 1699 Respondent
1138 1659 1232 1690 simul
1257 1661 1367 1691 natae:

272 1707 336 1740 Dic
359 1707 462 1746 nobis
488 1708 635 1749 petimus,
954 1707 1016 1739 Dic
1040 1706 1142 1747 nobis,
1168 1707 1316 1747 petimus,

223 1756 272 1787 De
296 1755 406 1795 sponsi
431 1755 594 1796 qualitate,
907 1755 957 1787 De
980 1754 1089 1795 sponsi
1114 1754 1277 1798 qualitate,

269 1802 314 1834 Et
337 1805 442 1834 tecum
468 1803 648 1843 quaerimus
953 1802 999 1835 Et
1022 1805 1125 1834 tecum
1150 1802 1329 1842 quaerimus

316 1849 443 1881 Affectu
467 1850 570 1890 igneo.
1001 1849 1127 1882 Affectu
1149 1849 1251 1889 igneo.

164 1907 196 1939 2.
223 1906 303 1937 Fert
319 1915 454 1945 sponsa:
481 1915 616 1946 sponsus
635 1907 790 1938 candidus
849 1909 882 1941 42
908 1907 1061 1950 Dilectus,
1090 1914 1181 1946 quem
1207 1906 1254 1937 sic
1278 1907 1430 1947 quaerito,

269 1953 387 1985 Exstat
411 1955 443 1984 et
467 1953 593 1994 rubeus,
953 1954 1040 1986 Talis
1067 1955 1125 1991 est,
1150 1952 1246 1993 filiae,

223 2000 276 2033 Ex
295 2000 384 2031 mille
408 2000 494 2032 solus
518 1999 707 2040 splendidus
909 2002 993 2033 Num
1016 2000 1121 2040 ipsum
1146 2008 1216 2031 amo
1241 2001 1353 2032 merito

272 2047 454 2087 Vertexque
478 2056 602 2087 aureus,
956 2048 995 2080 In
1020 2046 1077 2079 tali
1102 2046 1233 2086 specie?

225 2095 307 2128 Nam
332 2094 393 2126 Dei
418 2094 471 2126 hic
496 2098 545 2127 est
567 2093 653 2126 filius
907 2094 1007 2138 Euge,
1032 2094 1085 2125 hic
1110 2095 1159 2124 est
1183 2094 1373 2137 carissimus,

272 2142 392 2175 Carens
417 2150 517 2174 naevo
542 2141 676 2182 peccati,
958 2142 1057 2175 Verus
1082 2149 1169 2172 meus
1194 2142 1324 2182 amicus,

223 2190 288 2223 Sed
310 2189 460 2230 passione
483 2189 611 2231 rubeus,
907 2189 980 2221 Non
997 2196 1151 2230 quaerens
1167 2188 1253 2220 hunc
1264 2190 1470 2223 stultissimus

268 2238 411 2271 Uramur
434 2245 475 2268 ne
501 2235 643 2268 damnati
954 2236 1016 2268 Est
1039 2238 1125 2268 totus
1149 2239 1180 2267 et
1205 2237 1339 2281 iniquus,

320 2286 398 2326 Igne
419 2287 572 2317 tartareo.
1001 2284 1088 2316 Reus
1113 2284 1280 2324 supplicio.

241 2352 312 2381 Cod.
332 2351 500 2380 Berolinen.
521 2350 617 2379 Germ.
638 2346 670 2376 8⁰
691 2347 754 2377 190.
776 2357 851 2376 saec.
874 2347 917 2376 15.
941 2358 985 2377 ex.
