1653 2564
718 87 976 123 —136—

200 182 231 215 2.
258 181 283 214 O
308 191 364 213 vos
388 180 578 221 sacerdotes,

308 228 401 260 Clara
423 228 533 259 mundi
559 228 686 271 lumina,

258 274 405 307 Universi

304 321 391 353 orbis
416 323 489 352 sunt
512 320 666 360 regimina

257 368 292 399 In
317 369 475 406 potestate
498 370 614 406 vestra,

302 417 439 454 terrena,
466 413 623 446 coelestia.

256 480 398 519 Quantae
422 481 455 510 et
474 480 584 519 quales
609 479 710 518 dotes,

301 526 473 565 gratiarum
496 524 626 557 flumina

255 572 353 605 Vobis
379 574 503 611 dantur,

291 619 363 652 dum
390 620 546 651 coelorum
572 619 697 659 agmina

257 667 435 706 Adsistunt,
460 667 493 698 in
517 667 623 706 altari,

301 713 490 752 impendunt
514 713 674 752 obsequia.

257 778 341 811 Gens
367 781 486 821 sancta,
510 779 664 818 janitores

301 834 356 857 vos
382 826 526 858 coelestis
551 827 685 870 patriae,

254 875 319 905 Vos
341 873 514 912 praeelecti
537 874 577 905 ab
605 876 734 905 aeterno

300 920 534 959 dispensatores
558 921 688 964 gratiae,

254 967 369 1006 Angeli
389 966 460 1009 Dei,

302 1015 468 1055 largitores
493 1015 612 1054 veniae,

254 1061 353 1093 Nulla
371 1061 498 1097 ,resistit
520 1061 554 1092 in
576 1060 703 1093 inferno

302 1111 427 1141 vestrae
451 1109 549 1140 clavis
574 1108 733 1148 potentia,

258 1156 283 1188 O
310 1164 402 1194 quam
425 1156 571 1187 miranda

300 1202 497 1234 sacerdotum
528 1202 675 1244 dignitas,

252 1250 336 1289 Quos
361 1249 522 1290 exaltavit,
549 1248 746 1281 confirmavit

300 1305 421 1328 summa
445 1296 556 1330 deitas,

880 182 911 213 3.
938 182 997 220 Qui
1022 182 1179 213 coelorum
1204 190 1309 223 regem

983 230 1101 259 tractas
1125 228 1187 259 tuis
1211 230 1365 271 manibus,

936 274 1033 312 Quem
1057 282 1116 312 pro
1140 274 1301 306 immundo

984 328 1080 359 saepe
1103 320 1185 351 libas
1209 320 1340 360 scelere,

935 366 994 405 Qui
1018 366 1115 398 sumis
1142 374 1267 397 carnem
1296 366 1424 404 Christi,

980 422 1101 444 summa
1120 413 1255 452 jungens
1276 412 1402 454 infimis,

935 477 1113 511 Observare
1133 479 1237 518 legem

982 527 1076 557 stude
1100 526 1174 557 totis
1200 524 1332 566 viribus,

935 574 965 604 A
989 573 1118 605 mortali

982 620 1025 651 sis
1050 619 1198 651 immunis
1223 619 1363 658 vulnere,

936 666 985 698 Sis
1011 668 1157 709 mundus,
1183 676 1223 698 ne
1245 671 1279 698 te
1303 667 1439 699 mundus

982 715 1047 746 suis
1074 715 1203 746 damnet
1226 714 1323 746 vitiis.

939 808 1332 817 ............

933 874 994 906 Dei
1019 874 1178 914 sacerdos,
1204 874 1359 906 universis

984 921 1110 953 virtutis
1137 921 1257 961 praebe
1281 921 1452 961 speculum,

934 968 987 1001 Ad
1009 968 1114 1007 plebis
1140 977 1247 1000 curam

981 1015 1108 1054 dignum
1136 1018 1291 1047 monstres
1317 1015 1450 1055 oculum,

934 1063 964 1094 A
990 1065 1024 1093 te
1049 1062 1189 1101 expulsis
1215 1065 1247 1093 et
1272 1063 1405 1093 extersis

984 1110 1104 1141 cunctis
1129 1112 1161 1140 te
1185 1110 1287 1141 redde
1310 1109 1464 1147 sedulum,

934 1157 1017 1189 Nam
1041 1157 1069 1188 si
1095 1156 1189 1196 digne

980 1206 1099 1236 tractas
1125 1204 1185 1235 hoc
1208 1204 1403 1243 mysterium,

933 1251 1024 1282 Tunc
1048 1250 1212 1291 gaudebis,
1237 1250 1416 1290 possidebis

979 1298 1063 1329 vitae
1086 1298 1271 1337 praemium,

275 1379 344 1407 Cod.
363 1380 515 1407 Menaeen.
535 1378 584 1412 (ol.
606 1380 751 1415 Diessen.)
770 1379 811 1409 55:
823 1380 853 1409 [9.
887 1390 963 1409 saec.
986 1379 1029 1408 14.
1050 1395 1088 1400 ——
1110 1380 1134 1415 1,
1156 1380 1173 1409 6
1193 1390 1274 1409 voce.

799 1530 894 1560 195.

484 1612 601 1648 Quales
623 1612 735 1644 debent
754 1620 829 1651 esse,
854 1612 904 1652 qui
927 1614 1034 1644 volunt
1054 1621 1210 1654 praeesse.

202 1703 229 1733 1.
256 1701 302 1733 Ut
326 1709 387 1731 non
411 1709 525 1740 ponam
550 1709 585 1732 os
608 1700 641 1731 in
667 1701 796 1745 caelum,

256 1748 294 1779 In
319 1747 473 1778 incertum
498 1747 589 1779 mitto
615 1748 722 1789 telum,

256 1795 314 1833 Qui
338 1794 534 1833 protendunt
556 1794 617 1826 Dei
642 1795 743 1826 zelum

305 1842 383 1874 Post
405 1841 532 1873 honoris
557 1842 689 1882 apicem,

302 1888 397 1929 Legis
422 1890 551 1920 servant,
575 1889 724 1921 corticem

304 1935 349 1968 Et
373 1937 511 1968 colantes
538 1936 668 1967 culicem

260 1983 406 2015 Glutiunt
429 1983 591 2017 camelum.

200 2051 231 2081 2.
257 2049 372 2081 Manus
396 2050 515 2081 munda
540 2049 636 2081 debet
660 2058 739 2092 esse,

257 2095 343 2134 Quae
376 2096 543 2128 mundanis
568 2097 637 2129 vult
660 2106 819 2139 praeesse,

260 2143 356 2174 Vobis
380 2142 464 2174 istud
492 2145 541 2174 est
562 2151 700 2186 necesse,

305 2190 459 2228 Populum
485 2189 537 2229 qui
562 2189 684 2231 regitis,

305 2236 426 2279 Facite,
454 2237 537 2275 quod
561 2236 677 2276 dicitis,

305 2283 339 2315 Si
363 2283 452 2315 vobis
478 2286 510 2314 et
533 2282 669 2315 subditis

259 2330 414 2368 Quaeritis
438 2331 602 2368 prodesse.

878 1704 908 1735 3.
937 1702 995 1740 Qui
1020 1702 1171 1742 subjectis
1194 1702 1396 1743 praesidetis„

935 1749 1006 1781 Non
1031 1750 1071 1781 (ie
1091 1750 1155 1781 levi
1175 1749 1337 1790 judicetis,

936 1796 1017 1828 Nam
1042 1805 1176 1837 pensare
1201 1806 1256 1828 vos
1283 1797 1415 1838 debetis,

981 1843 1049 1875 Illis
1075 1852 1144 1875 esse
1168 1843 1298 1882 similes,

984 1890 1153 1924 Creaturas
1180 1890 1311 1932 fragiles

985 1937 1030 1970 Et
1053 1938 1094 1971 ad
1119 1939 1243 1978 lapsum
1267 1937 1388 1978 faciles,

935 1985 1027 2016 Licet
1050 1986 1144 2017 modo
1169 1986 1271 2018 stetis.

877 2053 909 2084 4.
937 2050 1054 2089 Quibus
1079 2055 1239 2092 sceptrum
1265 2054 1314 2083 est,
1337 2061 1442 2093 suave,

940 2098 1010 2130 Sibi
1034 2099 1099 2131 diei
1122 2103 1279 2139 quaerunt
1301 2109 1371 2139 ave,

935 2144 1113 2184 Alligantes
1141 2155 1219 2178 onus
1244 2155 1342 2187 grave

983 2192 1153 2224 Hominum
1174 2194 1209 2225 in
1232 2193 1382 2236 humeris,

983 2237 1070 2270 Bene
1094 2240 1221 2279 quidem
1247 2241 1359 2282 egeris,

982 2283 1026 2322 Si,
1053 2294 1133 2325 quae
1158 2286 1276 2329 dicunt,
1303 2285 1430 2326 feceris,

937 2329 1001 2362 Sed
1026 2332 1110 2370 quod
1135 2335 1241 2373 agunt,
1268 2341 1356 2367 cave.
