1653 2566
638 114 685 119 —
732 93 799 129 157
850 114 895 118 -—

466 191 497 224 3.
524 191 578 223 Ad
602 191 681 223 haec
704 191 872 223 intendens
898 191 1001 230 cogita

524 239 616 278 Quod
640 239 682 270 ad
706 237 846 270 radicem

871 238 976 277 posita

573 285 623 317 Sit
647 286 771 317 arboris
795 285 924 326 securis,

524 333 614 372 Quod
639 333 724 365 vitae
746 332 852 365 brevis

877 331 991 371 orbita,

524 380 615 418 Quod
644 388 728 412 mors
752 378 905 411 incumbit
929 378 1033 410 subita

572 426 728 458 Nocturni
751 435 839 458 more
863 425 953 464 suris,

524 474 579 513 Et,
612 473 685 506 dum
708 474 794 513 iicet,
822 476 968 505 excutere

523 521 575 553 De
603 521 799 560 voluptatum
824 521 964 560 pulvere,

573 568 622 599 De
647 568 723 608 jugo
747 568 867 599 servitu

870 568 919 607 tis,

525 615 571 647 Ut,
592 615 743 647 vitiorum
766 616 909 654 pondere

526 662 655 695 Calcato
682 670 790 693 curras
814 662 915 694 libere

573 709 626 740 Ad
650 708 792 740 bravium
818 709 938 741 salutis.

202 801 291 837 Trop.
313 810 366 829 ms.
387 810 462 829 saec.
486 799 528 830 13.
571 802 639 830 Cod.
661 802 865 838 Stustgaatim

737 953 836 983 224.

131 1049 159 1080 1.
187 1049 248 1086 Qui
271 1057 403 1081 servare
425 1049 589 1089 puberem,
813 1051 844 1081 2.

236 1097 357 1136 Vagam
381 1097 530 1128 claudere

187 1142 311 1183 Studet,
338 1144 426 1175 lavat
449 1144 592 1184 laterem,

233 1190 324 1222 Litus
349 1192 454 1222 colere

186 1237 277 1269 Tunc
300 1238 434 1280 laborat,

188 1284 266 1317 Cum
290 1285 442 1325 implorat

236 1333 312 1364 Vias
343 1332 488 1372 viperae;

189 1379 288 1411 Novit„
317 1380 399 1412 enim
426 1388 596 1420 carcerem,

235 1428 352 1459 Vincla
375 1428 501 1459 solvere

186 1475 313 1507 Foedus
340 1476 372 1505 et
396 1479 588 1506 caracterem

234 1522 411 1554 Firmatum
437 1520 594 1562 frangere,

189 1568 281 1601 Nova
308 1577 433 1608 semper
458 1568 582 1607 fallere,

235 1617 325 1649 Novo
350 1616 470 1657 gaudet
493 1619 633 1649 veterem

281 1665 427 1696 Amicum
452 1664 584 1704 pellere.

473 1743 504 1774 3,
533 1740 629 1779 Cujus
655 1742 751 1773 vexat
773 1740 865 1771 merit

575 1787 679 1820 Scorti
704 1787 859 1831 stimulus,

527 1835 703 1868 Salomonis
728 1836 846 1867 exitum

576 1883 694 1916 Penset
715 1882 855 1923 sedulus,

526 1930 749 1969 Praedictum,

529 1977 587 2017 Qui
619 1977 794 2016 praedatur

577 2022 720 2066 Famam,
747 2023 868 2063 titulus,

530 2071 608 2112 Quia
632 2073 736 2103 scorto
761 2070 869 2102 subdit

577 2118 675 2151 Ridet
698 2118 845 2158 populus,

530 2167 706 2205 Tamquam
739 2165 781 2196 sit
804 2173 861 2197 vas

886 802 951 830 ΠΒ.
971 803 1001 830 Π
1020 802 1087 829 Asc.
1108 800 1153 829 95.

871 1049 936 1081 Sub
962 1048 1126 1080 columbae
1149 1047 1256 1087 speeie

920 1095 1038 1135 Vulpes
1062 1096 1166 1134 latuit,

871 1143 909 1175 In
934 1142 1097 1182 praedulci
1124 1141 1206 1174 facie

918 1190 1035 1222 Dolum
1061 1190 1171 1232 texuit,

871 1237 1026 1278 Linguam
1050 1237 1154 1279 melle,

870 1285 1012 1317 Mentem
1038 1283 1115 1315 felle

918 1332 1005 1371 Quae
1028 1332 1076 1363 sic
1099 1330 1223 1373 imbuit,

871 1380 953 1411 Arte
977 1379 1061 1419 quod
1085 1377 1240 1417 perfidiae

916 1426 987 1458 Tua
1011 1425 1133 1457 sorbuit

871 1474 1006 1513 Haecce,
1034 1473 1091 1505 sed
1115 1472 1272 1512 pucuniae

918 1520 1100 1554 Profectum
1126 1519 1235 1560 doluit,

870 1568 949 1601 Cum
973 1577 1047 1608 spes
1070 1568 1134 1599 luci
1161 1566 1272 1606 defuit,

918 1615 1036 1649 Munus
1060 1615 1168 1647 reddit
1192 1614 1324 1654 gratiae,

968 1663 1025 1696 Cui
1045 1663 1145 1702 magis
1173 1661 1291 1695 debuit.

870 1749 920 1771 um

871 2080 922 2102 ΠΙΠ

885 2165 1057 2205 perditum,

480 2248 483 2251 ,
576 2213 640 2245 Hic
665 2215 714 2244 est
737 2211 906 2255 funiculus,

529 2261 590 2302 Qui
614 2260 783 2300 suspendit
806 2260 963 2300 spiritum,

578 2308 642 2341 Hic
663 2307 830 2348 praecedit
852 2308 991 2341 tumulus

533 2356 671 2389 Virentis
696 2356 826 2390 obitum.
