1653 2564
716 119 974 153 —100-

802 210 896 240 149.

221 294 228 301 .
258 268 386 300 Vanitas
411 269 585 300 vanitatum
877 270 909 301 2.
936 268 999 301 Gur
1024 277 1118 300 caeca
1143 277 1197 300 cor
1220 278 1350 301 avarum

300 315 344 347 Et
373 314 476 347 omnia
498 315 633 357 vanitas,
981 315 1140 347 Distrahit
1164 315 1316 347 ambitio?

303 361 366 394 Sed
392 364 501 393 nostra
525 362 572 393 sie
596 363 775 402 malignitas
983 362 1104 400 Nescis,
1131 362 1213 401 quod
1241 362 1386 402 aquisitio

256 409 317 441 Cor
340 408 436 440 habet
461 409 653 449 induratum,
934 409 1008 441 Tibi
1038 408 1220 441 divitiarum

256 455 301 488 Ut
324 455 455 487 verbum
480 456 669 488 seminatum
934 456 1024 487 Finis
1049 456 1246 487 miseriarum

305 501 440 534 Suffocet
470 512 543 535 mox
568 503 726 543 cupiditas
982 503 1054 535 Non
1084 503 1146 534 en't
1167 503 1224 534 sed
1248 503 1379 535 mutatio
1389 503 1404 534 ’.Δ

257 549 394 588 Operum
423 552 455 580 et
480 550 676 590 dignitatum,
936 550 1055 588 Quodsi
1080 550 1197 581 habere
1220 560 1333 590 parum

257 595 349 627 Licet
371 596 414 627 sit
436 597 528 629 nobis
553 600 665 629 ratum.
934 597 996 629 Est.
1019 597 1078 628 tibi
1103 600 1168 628 tam
1194 607 1343 637 amarum,

304 643 401 681 Quam
427 643 468 675 sit
493 644 608 676 acerba
632 644 761 684 proprio
982 644 1073 684 Vide,
1098 644 1174 683 quid
1198 645 1317 676 habent
1340 645 1455 676 nimiae

300 690 428 723 Judicio
981 692 1122 724 Divitiae

305 737 451 769 Gonditio
982 738 1128 778 Quotidie

348 783 543 825 Magnatum,
1027 785 1180 817 Rixarum

255 831 314 870 Qui
338 831 451 870 maiori
476 832 658 864 discrimine
936 832 1072 872 Propter
1096 835 1252 864 tormenta
1275 833 1425 872 propriae

259 878 356 917 Quam
382 878 511 910 erimine
934 879 1090 911 Familiae

302 925 347 956 Et
366 925 494 965 jugibus
983 926 1027 958 Et
1050 926 1177 958 sauciae

302 972 467 1004 Merentur
493 972 682 1004 crumatibus
982 972 1160 1015 Flagellum
1186 974 1405 1013 conscientiae,

349 1019 522 1051 Aeternum
549 1020 729 1052 cruciatum.
1033 1020 1118 1059 Quae
1132 1023 1179 1052 est
1187 1030 1307 1053 summa
1314 1030 1496 1062 poenarum,

595 1078 626 1110 3.
653 1077 677 1109 O
703 1076 841 1107 nondum
863 1076 1026 1107 intellecta

697 1123 797 1155 Nobis
821 1122 882 1154 Dei
906 1132 1045 1162 munera,

697 1170 770 1210 Cur,
798 1178 868 1200 cum
892 1172 1038 1202 avertant
1061 1179 1215 1210 prospera

648 1217 769 1249 Multos
793 1226 813 1248 a
836 1217 889 1248 via
912 1219 1009 1257 reeta,

651 1265 836 1304 Paupertas,
864 1264 1046 1303 praeelecta

697 1311 834 1350 Christo,
860 1310 951 1342 nobis
977 1313 1026 1342 est
1049 1311 1187 1350 aspera?

652 1359 716 1391 Sed
741 1358 830 1390 vanis
855 1366 943 1389 mens
966 1358 1084 1399 illecta,

649 1406 747 1438 Disce
771 1407 875 1436 tamen
901 1406 933 1436 et
955 1407 1073 1446 specta,

698 1452 900 1491 Paupertatis
926 1461 1018 1491 quam
1044 1452 1148 1483 dulcia

699 1499 770 1531 Sint,
793 1498 858 1530 otia

697 1546 837 1579 Pecunia

743 1592 906 1632 Neglecta,

653 1639 729 1671 Cum
751 1648 874 1679 pauper
899 1638 1077 1679 expeditius

650 1686 695 1718 Et
718 1686 894 1725 promptius

697 1733 751 1765 Ad
775 1733 918 1765 bravium

697 1780 827 1812 Saroina
850 1779 1070 1819 temporalium

743 1827 861 1859 Rerum
887 1828 993 1858 currat
1017 1826 1150 1866 abJeota.

276 1891 360 1919 Cant.
381 1899 434 1918 ms.
454 1892 535 1920 Petri
555 1892 591 1920 de
609 1892 731 1920 Medicis
752 1901 826 1920 saee-
849 1889 892 1920 13.
933 1891 1001 1919 Cod.
1020 1892 1208 1919 Laurentian.
1228 1891 1273 1918 Pl.
1295 1889 1340 1919 29.
1364 1890 1388 1918 1.

794 1985 891 2015 150.

226 2068 232 2074 .
259 2042 406 2075 Scribere
430 2044 582 2083 proposui
882 2045 914 2077 2.
942 2043 1015 2075 Vita
1040 2042 1146 2074 brevis
1172 2043 1311 2075 breviter

306 2090 345 2121 de
370 2092 551 2130 contemptu
574 2091 743 2131 mundano,
989 2091 1021 2122 in
1046 2090 1137 2122 brevi
1161 2089 1298 2129 finietur,

259 2138 332 2170 Jam
357 2139 406 2167 est
428 2137 508 2169 hora
532 2147 660 2178 surgere
940 2138 1029 2169 Mors
1058 2138 1145 2169 venit
1167 2138 1320 2169 velociter

307 2184 346 2215 de
371 2185 479 2215 mortis
504 2194 612 2216 somno
637 2194 728 2227 vano,
989 2187 1021 2215 et
1044 2185 1199 2215 neminem
1224 2188 1361 2224 veretur,

259 2230 419 2262 Zizaniam
447 2239 598 2270 spernere
942 2232 1122 2271 Cunctaque
1146 2240 1230 2263 mors
1254 2232 1381 2271 perimit

307 2279 432 2316 sumpto
455 2278 583 2310 virtutis
608 2278 711 2319 glano.
987 2280 1020 2309 et.
1042 2279 1122 2309 nulli
1145 2278 1321 2312 miseretur.

260 2323 368 2366 Surge,
395 2333 498 2365 surge,
522 2325 629 2364 vigila,
942 2324 1051 2365 Surge,
1077 2334 1180 2367 surge,
1206 2325 1313 2367 vigila,

307 2379 432 2410 semper
457 2375 523 2404 esto
548 2374 689 2411 paratus.
987 2380 1112 2410 semper
1137 2374 1203 2403 esto
1227 2375 1367 2411 paratus.

689 2429 831 2507 ᾦῦῦ-ςε
853 2422 897 2455 ΟΡ
922 2421 1102 2507 ”mmfssrg

1106 2501 1135 2528 δ’

640 2466 1036 2564 Sfflw
1120 2510 1189 2564 QX
