1653 2566
626 46 863 83 -35-

497 144 528 176 3.
555 143 639 176 Vere
661 143 742 175 lucis
766 144 930 185 matutino,

550 190 624 222 Non
643 191 751 232 legali,
777 192 834 223 sed
860 191 967 224 divino

594 239 686 278 Agno
713 238 805 270 decet
827 247 993 278 resurgere

548 284 662 323 Corde,
693 294 748 317 ore
773 287 805 316 et
828 294 933 328 opere,

547 331 600 363 Sic
623 331 847 364 benedicamus
871 332 1018 365 Domino.

171 428 254 457 Cant.
281 440 334 459 ms.
361 432 443 459 Petri
471 433 506 460 de
532 432 657 460 Medicis
682 441 758 461 saec.
789 431 833 462 13.
864 433 932 462 cod.
952 435 1141 462 Laurentian.
1166 434 1211 462 Pl.
1236 432 1282 461 29.
1309 433 1333 461 1.
1363 450 1396 454 —

91 466 174 495 Cant.
195 475 248 495 mS.
261 468 439 497 Toletanum
460 478 535 498 saec.
559 468 602 498 13.
633 470 702 498 Ood.
716 471 864 500 Matriten-
886 470 941 499 9:³0
956 469 1003 506 (33
1041 470 1097 506 23).
1113 472 1146 499 B.
1166 486 1203 490 —
1223 471 1292 500 0011.
1308 472 1393 499 ‹iucl-

88 504 502 572 ἓῇἶῗὲῗέἒ.1ξὲ1ωετεᾶίεη
528 506 593 536 628.
619 516 695 537 saec.
724 507 768 537 13.
796 509 827 537 O.
854 524 890 530 --
918 507 944 542 2,
972 508 991 537 4
1015 518 1101 537 verus
1123 510 1198 537 fehlt
1222 510 1253 537 Cy
1286 524 1292 528 -
1310 524 1316 528 -
1338 511 1394 536 cfr.

713 695 778 725 Μ.

89 786 121 818 1.
148 784 233 828 Sion,
258 786 370 825 gaude,
399 785 461 817 duc
490 786 620 819 choreas
773 789 803 819 2.
831 787 937 819 David
955 788 1106 828 Christus,
1130 788 1231 821 Achis
1249 788 1391 830 daemon,

193 832 343 872 praecino
367 833 539 876 sodalibus,
878 835 954 867 Sion
979 837 1028 866 est
1052 836 1193 878 ecclesia,

144 879 289 918 Trepant
312 880 421 919 pedes,
448 883 522 912 eant
545 890 665 921 manuS‚
829 881 1050 921 Tympanistes
1075 881 1137 914 fuit
1161 882 1316 921 christus,

192 935 253 958 nec
273 926 317 958 sit
339 927 452 959 modus
476 927 627 968 gestibus,
876 929 950 960 dum
975 931 1081 960 sacrat
1101 929 1231 969 jejunia,

147 974 234 1006 Tuus
259 973 368 1005 David
391 975 588 1014 tympanizat
829 974 870 1006 Se
894 975 1053 1015 portabat,
1080 976 1153 1007 dum
1177 976 1211 1006 in
1237 984 1334 1007 coena

191 1023 223 1052 et
245 1029 279 1052 se
302 1022 411 1060 portat
435 1021 590 1063 manibus,
875 1022 939 1054 suis
965 1022 1057 1054 datur
1081 1023 1193 1065 hostia,

144 1066 199 1099 Sic
222 1076 279 1099 rex
303 1067 404 1099 Achis
428 1067 610 1100 incantatur
830 1068 939 1101 Hostis
965 1070 1049 1101 unde
1072 1069 1237 1109 spoliatur,

192 1117 302 1155 captus
328 1115 418 1147 novis
442 1115 617 1147 fraudibus.
875 1115 950 1148 Sion
974 1116 1071 1148 habet
1094 1116 1206 1155 spolia.

431 1190 462 1223 3.
488 1189 552 1221 Hic
578 1192 626 1221 est
650 1190 767 1230 David,
792 1190 843 1230 qui
870 1191 1045 1230 prostravit

533 1237 740 1269 Philistaeum
765 1237 882 1277 lapide,

486 1283 674 1316 Gloriantur·
695 1288 727 1316 et
751 1285 912 1316 laetantur

530 1331 644 1363 turbae
672 1331 761 1370 prius
785 1330 932 1371 pavidae,

482 1377 574 1410 Solus
598 1386 671 1411 reus
694 1387 752 1410 rex
775 1377 942 1410 Hebraeus

530 1427 564 1456 ut
588 1424 665 1456 Saul
689 1423 750 1456 fuit
773 1424 890 1464 invide,

480 1472 594 1504 Placat
619 1472 710 1503 illum
734 1472 975 1512 intranquillum

528 1519 599 1559 pius
625 1521 717 1558 pater
740 1519 864 1552 Ididae.

159 1621 227 1649 Cod.
253 1622 381 1649 Par-isin.
411 1621 460 1656 (01.
486 1621 664 1657 Martialen.)
691 1619 774 1649 3719.
799 1630 874 1649 saec.
905 1619 948 1650 12.
968 1622 1003 1650 A.
1031 1636 1069 1641 -
1099 1620 1167 1650 Cod.
1190 1622 1308 1650 Remen.
1334 1620 1389 1650 743

82 1657 179 1695 (1043)
201 1667 276 1687 saec.
300 1657 344 1688 13.
366 1669 409 1688 ex.
430 1660 545 1694 (claraus
566 1661 612 1687 in:
636 1660 734 1688 Neues
753 1658 862 1687 Archiv
881 1660 990 1692 XVIII,
1013 1657 1086 1694 518).
1108 1659 1140 1688 B.
1169 1675 1204 1680 ——
1233 1659 1257 1692 1,
1282 1659 1294 1687 1
1317 1659 1389 1687 Sion

82 1699 190 1734 plaude
209 1697 243 1725 B.
274 1713 313 1718 ——
343 1695 366 1732 1,
388 1696 407 1725 3
436 1698 574 1733 Strepeut
591 1697 680 1734 pedes
699 1698 732 1725 B.
764 1711 801 1716 -—
833 1695 858 1734 1,
879 1697 896 1724 7
916 1700 1085 1725 incurvatur
1103 1698 1136 1725 B.
1168 1712 1204 1716 —
1233 1696 1258 1730 2,
1280 1697 1298 1725 5
1318 1697 1388 1726 Sese

80 1737 179 1772 portat
198 1735 267 1763 dum
287 1736 319 1764 B.
340 1750 377 1755 --
397 1733 423 1769 3,
444 1734 462 1764 3
483 1735 698 1769 Oonlaetantur,
719 1736 883 1772 gloriantur
902 1735 936 1763 B.
959 1750 992 1755 —
1013 1733 1040 1769 3,
1061 1734 1078 1764 6
1099 1736 1142 1764 Ut
1159 1735 1232 1763 fehlt
1251 1736 1284 1762 Β.

706 1886 772 1916 38.

136 1974 166 2006 1.
193 1972 242 2004 Tu
269 1972 380 2005 deitati
762 1973 793 2005 2.
821 1971 870 2003 Tu
894 1980 955 2011 pro
979 1980 1031 2003 me
1054 1973 1134 2003 mori

242 2020 377 2052 Carnem
399 2019 507 2062 unisti,
870 2018 943 2051 Non
968 2018 1130 2059 horruisti,

190 2067 239 2100 Tu
264 2076 323 2108 pro
348 2076 399 2099 me
423 2067 491 2107 pati
817 2065 924 2098 Reddi
948 2064 1052 2098 favori

239 2114 433 2154 sustinuisti,
869 2114 950 2153 Quid
977 2114 1062 2147 valet
1086 2113 1170 2145 isti?

190 2163 293 2196 Nemo
315 2165 406 2194 tanta
428 2162 500 2194 fieri
819 2160 910 2193 Nihil
934 2163 1040 2201 potest
1062 2161 1184 2193 muneri

236 2212 347 2244 Potest
369 2209 557 2250 promereri,
863 2209 965 2241 Tanto
990 2218 1052 2249 par
1076 2209 1207 2249 censeri,

192 2258 257 2291 Sed
280 2262 314 2290 tu
340 2258 430 2290 cordi
454 2256 563 2289 miseri
823 2256 910 2289 Tuae
933 2266 1044 2290 manus
1069 2257 1159 2297 operi

236 2307 288 2340 Da.
311 2304 575 2339 misericordiam.
865 2304 917 2338 Da
940 2304 1200 2337 misericordiam.

1172 2360 1212 2389 3*
