1653 2564
747 109 998 143 —188-

302 204 372 231 (jod.
392 203 517 230 Parisin.
535 201 584 234 (ol.
604 201 781 235 Martialem)
806 200 890 229 3549.
916 210 991 229 saec.
1015 200 1057 228 12.
1077 217 1115 221 —
1135 200 1167 235 3,
1194 201 1296 231 1¹14oe
1314 205 1470 231 immerito.
1491 218 1527 222 —

226 243 257 273 3,
283 239 303 267 4
321 241 455 267 Plausus.
481 253 517 257 —
543 238 574 270 5,
604 239 620 265 9
644 238 740 266 menet
758 239 906 275 languori,
933 238 1043 265 falsehe
1063 239 1148 266 Form
1169 241 1221 266 mit
1240 240 1392 275 rie-htig'ffln
1414 240 1524 274 Rasa-⁶33

225 278 257 310 5,
281 276 315 304 10
335 277 461 304 Sanatur
481 280 510 302 et
529 275 631 307 dolori,
651 276 816 311 unrichtige
835 275 920 302 Form
941 277 995 302 mit
1013 276 1205 312 unriehtigem
1223 277 1328 305 Kasus.
1369 278 1446 304 Zwei
1470 285 1527 303 von
1575 309 1584 312 -

225 316 285 342 droi
306 314 431 341 Fehlern
454 312 558 340 liersen
579 312 641 338 sich
665 313 755 339 durch
777 313 961 348 Umstellung
981 312 1112 340 beheben
1119 322 1126 348 3

693 350 802 377 Nosti-0
827 352 914 377 sanat.
930 350 1075 385 languori,

695 387 829 414 Medetur
850 389 879 414 et
898 387 1008 421 dolori;

225 435 255 454 es
275 425 372 453 biit—be
393 424 471 451 daun
490 433 546 451 nui·
566 423 616 450 der
636 424 801 460 unrichtige
820 425 910 452 Dativ
930 425 978 452 bei
998 431 1110 457 sanare,
1133 423 1189 450 den
1209 424 1260 451 der
1279 425 1362 453 Reim
1383 425 1504 452 schiitzt.

224 1037 278 1069 10.

223 1273 279 1305 15.

221 1509 275 1540 20.

223 1744 278 1775 25.

272 827 279 832 .
296 800 420 832 Christo
446 800 513 839 regi
538 799 668 842 gloriae,

845 528 905 562 III.

974 612 1080 645 Corda
1104 621 1181 644 sana
1205 613 1311 645 saucia

905 661 959 692 30.
974 659 1021 693 Ut
1043 660 1114 698 pari
1141 661 1309 692 concordia

975 706 1072 739 Sonet
1097 706 1160 738 oris
1184 707 1294 746 gloria.

974 753 1086 786 Fidem
1115 754 1156 785 da
1181 762 1249 785 cum
1273 763 1378 797 opere,

974 799 1025 832 Ne
1049 801 1091 832 sit
1112 809 1226 833 vanum
1253 802 1392 842 credere,

292 847 352 887 Qui
375 848 453 878 nutu
477 847 640 886 potentiae
974 846 1026 879 Ex
1050 848 1134 879 oliva
1159 846 1235 879 fidei

294 894 424 926 Clausae
449 895 564 925 transit
586 894 680 926 hodie
905 896 958 927 35.
972 895 1019 928 Ut
1043 893 1113 926 fons
1137 892 1215 926 fluat
1239 896 1311 936 o]ei‚

972 941 1018 974 Et
1040 943 1087 973 tui
1111 943 1277 982 praecipui

973 988 1063 1020 Mitis
1088 998 1126 1020 ao
1149 989 1296 1029 perpetui

973 1036 1100 1068 Amoris
1126 1036 1250 1068 vinculo

972 1082 1018 1114 Et.
1039 1083 1129 1122 pacis
1153 1084 1261 1115 osculo

974 1130 1149 1170 Adstringe
1173 1131 1282 1162 sedulo

975 1176 1100 1209 Clerum
1126 1186 1195 1209 cum
1219 1178 1347 1218 populo,

295 612 384 652 Veni,
414 611 525 642 doctor
548 612 687 656 praevie,

295 659 431 699 Spiritus
456 659 617 700 scientiae,

293 706 384 738 Dono
411 705 498 744 cujus
521 706 643 746 gratiae

292 752 418 785 Laudes
443 756 557 784 sonant
580 752 705 785 sobriae

293 941 407 973 Portas
431 942 542 972 matris
565 939 661 974 filiae.

290 989 352 1020 Per
376 989 460 1020 hunc
486 988 588 1028 datus,
620 989 734 1020 adveni

293 1036 337 1068 Et
361 1043 417 1067 nos
442 1043 567 1075 semper
590 1035 751 1074 praeveni,

292 1082 409 1114 Sancte
432 1083 550 1113 sanetis
575 1082 691 1125 debite,

294 1129 438 1161 Clemens
464 1131 496 1159 et
519 1130 685 1169 paraclite,
904 1131 959 1162 40.

292 1177 354 1209 Per
377 1179 410 1207 te
434 1174 513 1207 fiant
538 1177 681 1215 cognitae

292 1223 442 1255 Veritatis
467 1224 610 1263 semitae,
973 1224 1020 1257 Ut
1043 1225 1174 1256 tandem
1200 1225 1349 1264 quaerulo

292 1270 371 1310 Spes
398 1273 430 1302 et
456 1270 548 1302 dator
572 1271 704 1309 praemii
973 1270 1147 1304 Transacto
1172 1273 1299 1304 saeculo

289 1318 334 1349 Et
358 1317 425 1349 veri
451 1317 582 1348 consilii.
977 1318 1026 1350 Sit
1048 1318 1082 1349 in
1105 1319 1285 1359 propatulo,

290 1365 392 1404 Reple
417 1372 506 1395 sacro
531 1363 658 1395 fiamine
902 1367 956 1399 45.
970 1365 1059 1405 Quod
1083 1366 1198 1398 mentis
1224 1367 1314 1397 oculo

293 1411 515 1452 Congregatos‚
541 1410 685 1451 Domine,
976 1412 1115 1445 Cernunt,
1138 1413 1170 1444 in
1196 1413 1324 1452 speculo

292 1458 355 1490 Sub
380 1458 467 1489 illius
491 1458 625 1498 nomine,
972 1459 1017 1492 Et
1041 1460 1073 1490 in
1098 1461 1281 1491 munusculo

291 1506 350 1545 Qui
378 1508 470 1537 natus
497 1505 537 1536 de
562 1505 684 1545 virgine
972 1507 1147 1545 Torpescat
1170 1507 1292 1537 aemulo

291 1553 394 1584 Homo
419 1550 456 1583 fit
479 1561 538 1591 pro
563 1552 698 1594 homine,
1020 1553 1075 1584 Vis
1101 1554 1226 1586 amoris.

291 1599 337 1632 Ut
360 1599 511 1631 mundum
535 1609 554 1631 a
579 1600 710 1632 crimine
903 1602 957 1634 50.
972 1601 1009 1632 In
1035 1608 1140 1632 eorum
1165 1603 1304 1641 pectore,

290 1647 412 1679 Mundo
436 1646 568 1678 mundet
591 1648 751 1687 sanguine.
971 1648 1054 1680 Dum
1079 1648 1183 1679 adhuc
1206 1648 1239 1679 in
1265 1655 1397 1686 corpore

293 1694 342 1725 Tu
364 1693 459 1733 patri,
489 1696 523 1725 tu
547 1692 613 1726 filio
972 1695 1068 1727 Brevi
1092 1698 1220 1726 manent
1243 1697 1395 1734 tempore,

295 1740 430 1780 Compar
454 1741 487 1772 in
508 1741 651 1781 imperio,
974 1742 1038 1782 Spe
1061 1745 1208 1781 metuque
1233 1741 1360 1774 famulis

294 1789 464 1821 Commune
487 1788 643 1828 solatium,
971 1789 1134 1821 Alimenta
1158 1790 1276 1822 sedulis

294 1836 390 1875 Cujus
416 1835 457 1866 ad
482 1835 633 1867 auxilium
904 1838 959 1870 55.
1018 1837 1129 1877 Ignem
1153 1837 1302 1871 accende.

293 1883 376 1915 Vota
397 1882 539 1923 pendent
562 1883 709 1923 omnium,

296 1956 377 1984 Cant.
397 1965 449 1984 ms„
469 1956 550 1984 Petri
571 1956 607 1984 de
625 1957 748 1985 Medicis
768 1966 842 1986 saec.
866 1956 909 1986 13.
950 1959 1018 1987 Cod.
1040 1959 1227 1987 Laurentian.
1248 1959 1291 1987 Pl.
1310 1956 1355 1986 29.
1379 1957 1403 1986 1.

844 2053 898 2087 IV.

292 2127 399 2159 Beatis
424 2136 480 2159 nos
506 2127 622 2160 adhibe

294 2174 397 2206 Beans
422 2175 488 2206 vita
513 2174 641 2216 coelibe,

291 2221 361 2252 Rex
384 2221 539 2254 coelorum
566 2221 711 2255 Domine.

293 2268 340 2300 Ut
363 2276 483 2299 summo
510 2277 579 2300 cum
603 2269 728 2308 agmine

250 2317 278 2348 5.
294 2315 390 2347 Stolis
414 2314 495 2346 albis
521 2315 659 2354 candidi,

297 2360 436 2396 Caritate
460 2360 577 2394 fervidi

972 2128 1170 2161 Modulando
1198 2131 1320 2162 cantica

972 2175 1055 2208 Fide
1080 2185 1190 2208 vocum
1214 2178 1341 2209 mellic-a

973 2222 1046 2254 Tibi
1070 2223 1302 2265 benedicamus,

904 2269 959 2300 10.
973 2269 1048 2301 Tibi
1071 2270 1183 2301 laudes
1208 2272 1376 2311 solvamuaei,

974 2316 1066 2347 Dona
1092 2319 1185 2348 cantu
1209 2318 1348 2357 placido,

974 2361 1101 2394 Thi-ono
1128 2364 1215 2402 cujus
1241 2363 1362 2404 fulgido
