1653 2564
704 106 954 140 —1‘74—

547 201 578 231 3.
605 199 772 231 Exclamat
797 201 1018 234 Innocentius:

644 246 781 289 Laedor,
808 256 899 286 quem
925 246 996 290 feci⁷
1023 248 1145 289 baculo,

600 293 777 325 Conversus
801 293 836 325 iu
860 303 910 326 me
933 295 1069 337 gladius,

649 339 745 380 Cujus
775 341 923 380 cingebar
949 342 1071 382 capulo2

600 386 664 418 Vas
690 389 737 418 est
763 387 905 419 collisum
929 387 1035 428 figulo,

598 433 729 465 Fortior
752 434 808 466 ille
832 435 970 477 vasculo,

645 480 786 521 Franget
816 489 890 521 ergo
915 480 1071 522 fragilius.

256 571 338 599 Cant.
359 580 411 599 ms.
432 572 511 600 Petri
531 573 566 600 (le
584 573 708 601 Medicis
730 582 805 601 saec.
830 572 873 602 13.
918 574 986 602 Cod.
1005 575 1195 603 Laurentiau.
1216 576 1259 603 ΡΙ.
1282 575 1327 604 29,
1351 574 1376 604 1.

786 732 884 762 244.

647 824 691 855 De
712 824 874 856 Guillelmo
893 824 1022 857 Eliensi.

179 923 231 955 la.
245 921 363 954 Divina
385 922 589 961 providentia
850 924 903 956 ib.
917 923 1013 962 Quem
1038 924 1113 962 polo
1137 925 1225 955 terra
1248 923 1405 962 providet,

247 969 393 1001 Rcctoris
416 969 450 1000 in
475 969 618 1001 absentia
916 970 960 1003 Et
984 974 1089 1003 terrae
1112 971 1203 1010 polus
1227 970 1358 1012 invidet,

245 1016 313 1048 Tuo
337 1018 531 1058 praesentat,
556 1017 682 1057 Anglia,
916 1017 1117 1060 Cunctorum,
1143 1017 1257 1057 quibus
1280 1018 1452 1057 praesidet,

294 1062 489 1095 Guilermum
507 1064 694 1103 patrocinio,
963 1064 1095 1104 Semper
1118 1065 1248 1096 metitur
1272 1065 1384 1097 exitus.

245 1110 362 1142 Rector
387 1112 417 1141 et
443 1113 553 1142 auctor
576 1111 696 1151 gloriae
913 1112 1034 1152 Helias,
1058 1112 1111 1143 hic
1134 1112 1162 1143 si
1186 1112 1320 1152 viveret,

246 1158 317 1189 Vim
340 1156 542 1189 multiformis
567 1158 687 1198 gratiae
913 1159 1095 1191 Helisaeum
1121 1159 1259 1198 eligeret,

244 1203 452 1236 Multiformis
476 1206 638 1244 potentiae
913 1206 950 1239 Iu
976 1215 1035 1246 quo
1062 1206 1157 1246 duplo
1182 1205 1419 1238 transfunderet

291 1250 442 1283 Declarat
467 1252 626 1285 exercitio.
961 1253 1043 1285 Suae
1066 1253 1192 1287 virtutis
1216 1253 1356 1292 spiritus,

182 1328 234 1358 22.
248 1328 287 1359 In
311 1327 392 1359 hora
415 1328 499 1358 sacri
522 1328 651 1360 canonis
847 1329 963 1362 2b.En
987 1338 1045 1360 sua
1068 1331 1177 1360 noster
1202 1328 1327 1360 Simeon

293 1374 370 1407 Cum
395 1374 455 1406 soli
478 1374 547 1406 Deo
571 1375 720 1415 loquitur,
960 1376 1162 1408 Consummat
1187 1376 1354 1412 desideria,

244 1421 306 1453 Tot
328 1421 530 1453 lacrimarum
555 1422 675 1464 rivulis,
913 1424 1046 1456 Revelat
1065 1425 1193 1454 nostrae
1215 1422 1292 1454 fidei

291 1467 393 1500 Tanto
418 1468 533 1500 sudore
556 1470 725 1509 spargitur,
959 1471 1081 1510 Typum
1107 1469 1154 1501 rei
1176 1470 1318 1509 scicntia,

245 1515 334 1554 Quod
357 1516 391 1546 in
418 1514 573 1554 baptismo
600 1517 718 1555 duplici
911 1518 990 1548 Visu
1012 1517 1132 1548 carnali
1155 1515 1273 1548 fruitur

291 1562 483 1601 Reum-atur,
509 1562 694 1604 renascitur,
958 1565 1042 1596 Vera
1068 1563 1186 1596 Christi
1210 1563 1401 1603 praeseutia,

244 1608 289 1640 Et
312 1611 347 1640 ut
373 1610 466 1649 digne
491 1610 587 1649 capiti
910 1611 1006 1650 Cujus
1029 1619 1126 1650 prece
1148 1610 1254 1650 Moysi

290 1656 470 1688 Membrum
491 1657 627 1696 uniatur,
957 1657 1110 1690 Dominus
1136 1658 1290 1699 placatur,

242 1703 387 1736 Hostiam
417 1703 491 1734 dum
512 1703 663 1745 immolat,
910 1704 978 1737 Pax
1003 1707 1147 1737 servatur
1170 1705 1281 1744 Israel,

291 1750 389 1783 Vivus
413 1750 603 1784 immolatur.
958 1752 1113 1784 Amalech
1137 1750 1273 1792 fugatur.

178 1828 229 1860 3a.
244 1827 321 1859 Post
344 1835 482 1858 mensam
509 1826 694 1859 dominicam
843 1826 1075 1862 3b.Celebrato
1099 1827 1246 1867 prandio,

242 1874 428 1906 Translatus
453 1874 494 1906 ad
517 1873 688 1914 publicam,
910 1875 992 1914 Quas
1016 1875 1161 1916 indulget
1182 1875 1257 1915 otio,

290 1921 524 1954 Condescendit
549 1921 685 1954 omnium
956 1922 1075 1955 Breves
1101 1924 1176 1954 sunt
1198 1922 1353 1963 induciae,

290 1968 380 2001 Votis
404 1969 666 2011 commensalium,
957 1969 1037 2001 Tam
1060 1972 1166 2001 mente
1190 1978 1282 2009 quam
1307 1968 1390 2003 facie

241 2016 379 2055 Plusque
403 2015 593 2055 dulciloquio
912 2016 1006 2049 Nunc
1029 2017 1128 2057 gravi,
1154 2026 1238 2048 nunc
1262 2016 1357 2048 hilari

242 2062 340 2101 Quam
370 2063 511 2095 ciborum
535 2064 638 2102 pretio
912 2063 966 2097 Sic
989 2064 1069 2105 Deo,
1096 2065 1144 2096 sic
1168 2063 1297 2097 Caesari

286 2109 403 2143 Reficit
426 2113 458 2141 et
481 2109 610 2143 ferculis
958 2112 1084 2144 Pariter
1110 2111 1304 2151 obsequitur,

287 2157 443 2197 Alterum,
469 2158 517 2189 sic
540 2157 671 2197 singulis
958 2158 1048 2197 Quod
1071 2159 1197 2197 utrique
1215 2158 1362 2190 redditur

334 2204 482 2237 Praestat
503 2205 746 2236 condimentum.
1002 2206 1169 2238 Foenebre
1193 2206 1354 2240 talentum.

248 2286 330 2314 Cant.
355 2296 407 2315 ms.
427 2288 505 2315 Petri
531 2287 567 2314 de
585 2286 707 2315 Medicis
734 2294 809 2313 saec.
838 2284 880 2314 13.
922 2286 990 2314 Cod.
1016 2289 1207 2315 Laurentian.
1236 2288 1282 2316 Pl.
1308 2287 1352 2316 29.
1385 2287 1409 2316 1.
1436 2302 1473 2307 -·

172 2325 234 2352 Das
257 2324 380 2352 Gedicht
402 2326 488 2353 feiert
505 2325 638 2352 VVilliam
657 2322 860 2361 Longchamp,
880 2325 1004 2352 Bisuhof
1018 2334 1077 2352 von
1095 2326 1154 2361 Ely
1167 2345 1174 2357 ‚
1197 2326 1248 2354 der
1268 2326 1404 2354 wahrenel
1424 2327 1475 2353 des

175 2362 282 2390 dritten
301 2362 487 2398 Kreuzzuges
508 2364 622 2398 Regent
638 2369 708 2389 war.
