1653 2566
660 85 923 121 -109—

135 177 169 209 9.
196 177 221 209 O
246 177 333 210 Deus
358 180 511 224 piissime,

196 224 292 256 Pater
318 226 569 268 clementissime,

194 271 283 303 Inter
309 273 413 306 luctus
439 276 515 307 audi
539 284 599 314 me,

242 319 332 352 Inter
359 324 556 362 vexamenta‚

196 366 428 409 Captivumque
453 369 575 401 redime

243 413 293 446 De
315 424 410 447 manu
429 418 569 448 eruenta.

822 183 877 215 10.
890 182 980 223 Dele‚
1006 185 1107 223 pater,
1133 181 1263 223 seelera,

891 230 1004 269 Pensa,
1031 231 1132 269 pater,
1159 229 1310 268 pondera,

893 277 983 320 Vide,
1010 280 1111 317 pater,
1138 276 1276 318 vulnera,

937 324 1002 355 Fer
1026 324 1264 362 medicamenta,

889 370 1045 413 Monstra,
1071 373 1173 411 pater,
1199 370 1329 402 foedera

940 419 993 450 Ad
1019 422 1073 450 tua
1097 417 1255 458 figmenta.

215 488 284 517 Cod.
307 489 462 518 Carnoten.
482 488 547 519 341.
582 499 656 518 saec.
680 489 723 519 14.

746 614 842 644 161.

137 697 169 730 1.
195 698 274 731 Cum
299 699 600 740 animadverterem,

199 746 389 778 Venerando
415 747 572 779 Venerem

197 793 253 824 Me
277 793 387 825 lavare
409 794 554 834 laterem,

196 840 299 882 Sensi,
326 841 411 880 quod
435 842 664 881 sucumberem,

196 887 268 920 Nisi
294 888 419 927 eulpam
445 893 583 921 veterem
883 890 970 930 Ergo
995 890 1057 922 nisi
1081 888 1212 931 falleris,

199 935 276 969 Cum
302 935 598 970 animadverterem.
881 936 958 969 Cum
983 937 1255 970 animadverteris

199 993 277 1026 Cum
302 993 567 1036 animadvertere,
824 995 857 1026 4.
886 993 963 1026 Cum
988 993 1243 1025 animadvertere

199 1041 294 1079 Quae,
322 1044 450 1080 quanta,
477 1043 554 1080 quot
579 1049 682 1081 egero,
882 1042 930 1073 Te
953 1043 1043 1080 potes
1064 1040 1097 1071 in
1122 1040 1252 1081 scelere,

198 1088 297 1119 Recte
321 1085 399 1118 fiere
423 1090 545 1130 potero,
885 1088 1028 1129 Vertere,
1054 1089 1226 1127 revertere,

197 1134 269 1166 Nisi
296 1134 507 1177 deelinavero‚
884 1135 967 1166 Dum
991 1137 1092 1174 potes,
1119 1143 1292 1174 resurgere,

197 1181 269 1213 Nisi
293 1190 343 1213 me
370 1181 410 1213 de
435 1185 539 1214 cetero
885 1182 1004 1213 Mentis
1029 1182 1121 1213 homo
1146 1181 1276 1224 liberae,

199 1229 277 1261 Cum
301 1229 568 1262 animadvertero.
885 1229 964 1262 Cum
989 1229 1251 1261 animadvertere.

825 702 857 734 3.
884 700 963 733 Cum
987 700 1263 741 animadverteris,

882 749 920 781 In
944 748 1056 788 quibus
1083 747 1263 790 deliqueris,

885 796 965 827 Boni
990 795 1070 827 nihil
1093 795 1208 834 operis,

882 843 979 882 Nihil,
1006 843 1143 882 inquam,
1170 842 1300 884 reperis,

138 994 170 1025 ΞΘ

552 1297 581 1328 5.
610 1296 688 1329 Cum
713 1295 985 1334 animadvertitur,

607 1343 691 1374 Dum
715 1343 748 1374 in
775 1351 870 1375 carne
895 1343 1022 1382 vivitur,

609 1391 691 1430 Quid
717 1400 736 1422 a
759 1389 850 1423 nobis
876 1390 989 1430 agitur,

607 1437 698 1469 Nihil
722 1438 750 1469 si
775 1437 844 1478 quis
868 1437 966 1477 igitur

610 1485 745 1517 Ratione
770 1485 899 1528 regitur,

612 1531 687 1564 Cum
714 1532 988 1566 animadvertitur.

220 1607 303 1635 Cant.
331 1616 384 1634 ms.
405 1608 486 1635 Petri
510 1608 546 1636 de
564 1607 690 1634 Medicis
723 1616 798 1636 saec¹
817 1604 860 1635 13.
883 1608 951 1635 Cod.
971 1608 1160 1635 Laurentian.
1181 1607 1225 1634 ΡΙ.
1246 1604 1291 1634 29.
1314 1605 1338 1633 1.
1360 1606 1392 1632 Α.
1413 1621 1450 1625 -

140 1646 209 1674 Cod.
233 1647 376 1674 Oxonien.
396 1646 568 1674 Rawlinson
589 1645 612 1673 C
631 1643 686 1673 510
717 1655 792 1674 saee.
815 1643 859 1673 13.
879 1646 912 1672 B.
933 1660 970 1664 —
992 1646 1061 1673 Cod.
1079 1645 1333 1680 Guelfenhyteran.
1349 1644 1450 1671 Helm-

139 1684 264 1711 stadien.
290 1681 355 1711 628.
388 1693 464 1712 saec.
492 1682 535 1713 13.
563 1683 592 1711 C.
619 1698 656 1702 —
683 1685 717 1711 In
743 1684 800 1712 Str.
821 1681 839 1709 2
860 1684 963 1711 ordnet
983 1684 1005 1712 C
1025 1684 1073 1711 die
1093 1683 1205 1711 Zeilen:
1235 1681 1258 1710 1.
1279 1681 1305 1711 2.
1326 1681 1352 1710 5.
1373 1680 1399 1709 4.
1423 1680 1438 1710 ἵ

139 1720 165 1749 6.
186 1737 223 1741 -—-
244 1720 302 1749 Str.
323 1719 341 1749 3
361 1722 436 1750 fehlt
455 1723 486 1751 C.
507 1736 544 1742 ——
566 1721 621 1749 Cfr.
645 1723 809 1750 Milehsaek
832 1720 884 1749 1231
906 1730 948 1758 sq.

747 1834 844 1864 162.

852 1922 903 1955 lb.
927 1922 1090 1954 Erubesce

980 1970 1088 2001 levare
1114 1967 1238 2008 faciem,

932 2016 1013 2047 Nam
1040 2016 1188 2048 obtundit

982 2067 1168 2104 conspectus
1193 2064 1294 2095 aciem

1029 2111 1132 2143 Frons
1156 2111 1375 2144 verecundiae.

851 2167 904 2200 2b.
929 2168 1030 2199 Areet
1054 2175 1179 2208 aegrum

980 2216 1059 2248 cutis
1085 2214 1281 2256 deformitas,

931 2262 995 2295 Sed
1020 2263 1176 2295 medentis

974 2311 1058 2343 alma
1082 2310 1259 2351 benignitas

1024 2359 1118 2391 Facit
1137 2368 1348 2399 praesumere.

166 1923 217 1955 ia.
243 1921 463 1955 Reminiscens

294 1968 416 2008 patrati
440 1969 571 2000 sceleris

244 2017 324 2050 Post
348 2016 464 2048 secreti

295 2066 494 2103 compactum
519 2061 659 2095 foederis

345 2111 423 2143 Cum
448 2120 530 2143 vena
553 2110 676 2150 veniae,

165 2173 217 2205 2a.
245 2169 379 2202 Pressus
405 2171 508 2200 ‘tamen

296 2216 406 2248 dolore
430 2215 571 2247 vulneris

243 2264 298 2298 Ad
323 2264 480 2296 medelam

294 2312 445 2352 unguenti
471 2310 588 2343 veteris

341 2359 446 2401 Cogor
471 2366 646 2398 recurrere,
