1653 2564
683 76 939 112 —104--

760 186 854 218 153.

408 252 490 289 Quod
510 252 543 284 in
562 253 656 284 rebus
676 254 836 293 prosperis
857 259 918 284 non
938 252 982 283 sit
1001 250 1210 291 gloriandum.

161 324 191 355 1.
218 323 393 355 Luxuriant
417 323 513 354 animi
838 325 871 356 2.
893 322 1065 354 Exhaustis
1099 322 1279 362 concipiunt

266 369 372 402 Rebus
397 378 492 409 saepe
516 370 688 411 prosperis,
946 369 1031 400 Viles
1061 369 1147 401 virus
1172 369 1303 410 viribus,

218 417 289 448 Vile
310 417 418 455 jacent
442 416 542 448 infimi
897 415 986 454 Quod
1012 416 1166 448 vomendo
1191 416 1321 455 pariunt

266 462 397 496 Casibus
421 463 453 494 in
478 463 610 506 asperis,
944 462 1097 494 Secundis
1122 462 1331 505 successibus,

214 510 337 551 Ingrati
362 519 420 550 pro
440 512 543 550 gratia
895 509 1018 549 Expost
1045 509 1128 542 facto
1155 510 1271 542 clarius

218 557 310 589 Grati
332 558 390 588 sub
415 557 533 600 inopia,
898 556 991 588 Patet
1018 557 1078 588 hoc
1102 560 1135 588 et
1155 557 1292 596 planius,

264 606 380 643 Inopes
405 606 479 635 sunt
502 604 646 646 humiles,
944 604 1109 636 Exhausta
1131 605 1266 643 pecunia

264 652 401 690 Propter
425 659 501 690 opes
527 650 639 682 labiles
943 652 1103 683 Monstrat
1124 651 1319 694 impotentia,

217 697 372 730 Inflantur
395 698 554 737 superbia.
897 697 986 736 Quod
1014 699 1140 730 voluere
1163 699 1261 737 prius.

235 762 317 790 Cant.
337 771 390 790 ms.
411 762 491 789 Petri
511 762 546 790 de
566 763 687 790 Medicis
707 770 782 791 saec.
805 760 848 790 13.
889 762 958 790 Cod.
983 763 1169 791 Laurentian.
1189 763 1233 791 Pl.
1255 760 1300 790 29.
1324 761 1347 790 1.

557 881 746 913 Exhortatio
768 881 807 912 ad
826 881 1066 914 Paenitentiam.

762 950 860 979 154.

162 1017 191 1050 l.
218 1017 270 1048 Ad
300 1024 354 1047 cor
378 1021 466 1049 tuum
492 1020 685 1057 convertere,
839 1020 871 1050 2.
898 1018 922 1050 Ο
950 1018 1088 1050 conditio
1112 1018 1237 1059 misera,

219 1063 415 1096 conditionis
444 1064 578 1096 miserae
901 1064 1082 1107 Considera,
1108 1074 1200 1105 quam
1223 1073 1337 1104 aspera

219 1110 331 1149 Homo,
358 1119 414 1142 cur
438 1111 561 1150 spernis
588 1111 694 1143 vivere
704 1111 720 1141 ‘f
897 1111 946 1144 Sit
970 1112 1048 1144 haec
1072 1112 1147 1152 vita,
1173 1120 1257 1144 mors
1282 1112 1382 1144 altera

266 1157 329 1189 Cur
360 1157 488 1189 dedicas
514 1161 546 1189 te
572 1158 668 1197 vitiis,
944 1160 1030 1199 Quae
1059 1159 1105 1190 sic
1128 1158 1274 1191 immutat
1298 1157 1434 1191 statum!

268 1203 330 1236 Cur
353 1205 498 1244 indulges
522 1205 662 1244 malitiis,
946 1206 1011 1238 Cur
1034 1215 1096 1237 non
1120 1215 1236 1246 purgas
1261 1209 1383 1237 reatum

218 1251 281 1284 Gur
306 1259 450 1283 excessus
475 1261 538 1284 non
564 1252 694 1291 corrigis
900 1252 974 1284 Sine
999 1261 1095 1293 mora,

220 1298 289 1329 Nec
313 1307 439 1338 grossus
461 1301 531 1331 tuos
558 1299 669 1339 dirigis
900 1299 977 1331 Cum
1002 1300 1046 1331 sit
1068 1299 1148 1332 hora

266 1346 303 1377 In
328 1345 448 1377 semitis
471 1346 623 1386 justitiae,
946 1347 1019 1379 Tibi
1044 1348 1153 1378 mortis
1177 1347 1346 1387 incognita,

264 1391 328 1424 Sed
359 1394 468 1424 contra
492 1396 524 1424 te
548 1392 688 1432 quotidie
897 1393 943 1424 Et
965 1394 997 1425 in
1021 1394 1086 1425 vita
1106 1394 1232 1434 caritas,

221 1439 304 1470 Iram
330 1439 391 1471 Dei
416 1438 612 1479 exasperas?
897 1440 983 1479 Quae
1007 1449 1067 1472 non
1093 1439 1228 1482 proficit,

266 1487 303 1518 ln
331 1489 362 1517 te
387 1487 507 1518 succidi
530 1489 635 1518 metue
898 1487 1031 1519 Prorsus
1056 1490 1126 1519 aret
1150 1490 1182 1518 et
1207 1485 1311 1519 deficit

266 1533 362 1565 Ficus
383 1534 507 1565 radices
531 1532 629 1574 fatue,
899 1533 968 1565 Nec
993 1532 1091 1566 efficit

221 1579 296 1612 Cum
322 1579 444 1612 fructus
468 1582 572 1613 nullos
597 1580 721 1613 afferas.
946 1581 1087 1615 Beatum.

525 1638 556 1671 3.
583 1636 617 1668 Si
641 1639 769 1669 vocatus
794 1637 836 1668 ad
860 1637 998 1677 nuptias,

578 1684 741 1716 Advenias

625 1731 700 1763 Sine
724 1732 811 1763 veste
837 1730 983 1771 nuptiali,

626 1779 652 1810 A
681 1778 769 1810 curia
791 1779 891 1818 regali

579 1824 771 1867 Expelleris,

578 1872 623 1904 Et
646 1872 770 1904 obviam
796 1872 822 1903 si
847 1872 972 1904 veneris

580 1919 702 1959 sponso
726 1920 875 1958 lampade
901 1928 1012 1962 vacua,

577 1966 622 1998 Es
649 1967 739 2006 quasi
763 1967 851 2007 virgo
877 1966 975 1999 fatua.

578 2014 665 2054 Ergo
690 2015 775 2057 vide,
800 2023 841 2045 ne
866 2014 1016 2054 dormias,

580 2060 644 2093 Sed
673 2061 808 2101 vigilans
833 2061 959 2101 aperias

624 2108 771 2150 Domino,
799 2117 868 2140 cum
892 2107 1087 2149 pulsaverit3

625 2155 753 2195 Beatus,
780 2164 872 2195 quem
898 2154 1056 2188 invenerit

624 2202 827 2243 Vigilantem,
855 2211 924 2234 cum
948 2202 1082 2235 venerit.

239 2266 321 2294 Cant.
349 2276 402 2295 ms.
421 2267 502 2294 Petri
523 2267 558 2294 de
577 2265 699 2294 Medicis
718 2275 792 2295 saec.
815 2264 859 2294 13.
900 2266 968 2294 Cod.
988 2268 1178 2295 Laurentian.
1198 2267 1240 2294 Pl.
1261 2264 1307 2294 29.
1329 2264 1355 2292 1.
1375 2265 1408 2293 A.
1429 2280 1466 2284 —

162 2304 299 2333 Carmina
315 2304 434 2339 Buram}
453 2314 481 2341 p.
502 2303 528 2333 6.
551 2304 584 2331 B.
606 2320 642 2324 —
664 2302 688 2338 1,
712 2303 746 2332 12
759 2305 883 2333 Radices
902 2304 973 2332 ficus
988 2306 1020 2333 B.
1041 2319 1078 2323 —
1097 2303 1123 2338 2,
1144 2302 1162 2331 8
1176 2305 1280 2332 Mortis
1301 2304 1356 2331 tibi
1373 2304 1406 2331 Β.
1429 2318 1466 2323 -

161 2340 187 2374 2,
209 2340 226 2368 9
245 2342 287 2369 Et
306 2343 400 2370 invita
419 2343 452 2370 B.
475 2359 510 2363 —-
529 2341 555 2376 3,
577 2340 594 2369 9
613 2342 691 2379 Ergo
712 2342 807 2378 gaude
826 2351 863 2370 ne
883 2344 917 2370 A.
938 2357 975 2361 —
993 2341 1019 2377 3,
1043 2340 1078 2370 13
1098 2344 1165 2370 dum
1185 2342 1299 2369 venerit
1319 2342 1351 2369 Β.
