1653 2564
707 60 940 94 *56-

178 219 207 251 1.
235 218 323 260 Veni,
351 219 459 249 sancte
484 216 623 258 spiritus,

281 265 359 303 Spes
385 264 522 294 omnium

222 310 278 343 'Et
301 311 409 341 emitte
434 309 576 346 coelitus,

236 356 323 393 Veni,
348 359 458 387 sancte
477 356 617 397 spiritus,

236 404 456 436 perscrutator
479 403 608 433 inclitus

279 449 324 480 Es
350 449 502 490 cordium,

233 495 324 535 Veni,
348 499 457 527 sancte
481 495 621 538 spiritus,

277 542 357 582 Spes
381 542 529 581 omnium,

232 588 348 622 Confer
372 589 476 620 lumen
503 588 662 628 cordibus,

232 636 319 678 Veni,
347 639 456 668 sancte
479 636 620 676 spiritus.

790 159 858 189 80.

855 217 886 248 2.
914 214 1088 247 puritatem
1114 215 1271 246 mentibus

957 260 1128 299 Fidelium,

911 308 1002 346 Auge
1026 315 1115 346 spem
1142 306 1353 345 credentibus,

911 354 1002 395 Veni,
1028 356 1137 385 sancte
1161 353 1304 393 spiritus,

910 400 961 432 Da
987 400 1107 440 pressis
1132 399 1335 440 languoribus

957 446 1155 489 Remedium,

909 493 1003 534 Veni,
1029 496 1140 526 sancte
1163 493 1306 534 spiriius,

958 541 1037 581 Spes
1064 540 1211 582 omnium,

911 588 961 620 Da
984 587 1095 620 salutis
1122 588 1235 627 exitus,

910 635 1000 676 Veni,
1026 637 1136 667 sancte
1160 635 1302 675 spiritus,

626 690 779 724 Coelestis
806 692 973 731 exercitus,

624 738 715 778 Veni,
742 741 852 770 sancte
875 739 1018 779 spiritus.

249 803 319 831 (3011.
346 804 509 831 Lcndinen.
537 803 668 837 Egerton
694 801 758 831 274.
785 812 860 831 saee.
887 801 931 831 13.
958 818 991 822 —
1018 803 1102 831 Nach
1125 801 1152 838 2,
1177 802 1196 830 2
1221 802 1297 831 steh‘t
1321 802 1471 830 nochmals

175 842 249 869 Veni
271 844 370 869 sancte
391 842 525 877 :pii-itus,
554 841 690 868 wiihrend
711 839 736 873 2,
757 839 775 868 8
795 841 880 877 fehlt3
907 842 983 869 nach
1005 839 1029 875 1,
1050 842 1068 869 3
1089 842 1203 869 seheint
1223 842 1287 868 eine
1306 841 1387 868 Zeile
1407 848 1471 867 aus-

172 879 297 914 gefallen
318 888 354 906 zu
375 881 447 907 sein.
487 880 545 907 Die
565 878 693 907 Meicdie
712 879 806 907 reicht
828 888 883 907 nur
900 879 947 907 bis
967 878 991 914 1,
1012 877 1057 906 10.

177 1056 204 1087 1.
234 1054 323 1093 Veni,
350 1056 474 1086 creator
498 1053 639 1097 spiritus,

275 1100 320 1133 Et
342 1101 375 1132 in
399 1110 450 1132 me
474 1100 570 1132 robur
590 1100 703 1140 insere,

229 1147 347 1189 Robur,
375 1156 435 1188 quo
460 1148 577 1187 possim
603 1147 728 1186 penitus

276 1194 374 1234 Mala,
402 1203 480 1233 quae
504 1194 597 1236 gessi,
622 1195 711 1225 luere

275 1241 317 1272 Et
342 1242 454 1273 amodo
479 1242 527 1273 sie
549 1241 665 1283 vivere,

229 1288 277 1319 Ne
302 1287 361 1320 sim
385 1292 516 1328 peccato
541 1288 704 1328 perditus;

228 1335 361 1367 Peccavi
386 1335 475 1373 quasi
500 1335 606 1367 licitus

274 1381 320 1413 Et
344 1381 396 1413 diu
423 1382 486 1413 vixi
510 1384 638 1424 temere,

274 1428 328 1459 Me
352 1437 477 1460 servum
502 1432 588 1461 tuum
614 1430 727 1470 visere,

229 1475 318 1514 Veni,
346 1479 469 1507 creator
493 1476 633 1515 spiritus.

776 993 842 1023 81.

850 1053 881 1084 2.
908 1051 958 1083 Sit
980 1052 1052 1084 laus
1075 1051 1162 1092 patri
1186 1060 1257 1083 eum
1280 1050 1357 1089 filio,

955 1098 1004 1130 Sit
1027 1099 1128 1130 honor
1152 1101 1261 1130 sancto
1285 1097 1414 1140 flamini,

908 1146 1073 1178 Trinitatis
1099 1144 1254 1177 confessio

954 1192 1096 1224 Firmam
1114 1201 1201 1232 spem
1215 1191 1468 1233 firmet11omi1113

954 1239 1019 1272 Uni
1042 1241 1189 1280 trinoque
1212 1240 1332 1271 nomini

907 1287 957 1319 Sit
979 1296 1105 1326 semper
1130 1286 1312 1327 dominatio,

905 1334 996 1366 Salus
1023 1337 1055 1365 et
1079 1333 1276 1374 benedicti03

951 1382 1089 1414 Perenni
1115 1381 1211 1413 decus
1236 1381 1362 1423 agmini,

952 1428 1001 1460 Sit
1024 1428 1125 1459 honor
1147 1430 1255 1459 sancto
1280 1426 1411 1470 flamini⁷

905 1475 954 1507 Sit
977 1476 1047 1507 laus
1071 1475 1156 1514 patri
1183 1484 1251 1506 cum
1276 1474 1352 1508 filio.

245 1530 327 1558 Cant.
348 1539 400 1557 ms.
422 1531 502 1558 Petri
523 1531 557 1558 de
577 1530 700 1558 Medicis
721 1539 796 1559 saec.
819 1528 863 1558 13.
898 1530 966 1558 Cod,
986 1531 1173 1558 Laurentian.
1195 1530 1236 1558 Pl.
1260 1528 1305 1557 29.
1329 1530 1353 1558 1.

169 1706 200 1739 1.
225 1705 347 1736 Lumen
371 1705 473 1737 sancti
498 1705 627 1745 spiritus

224 1751 406 1784 Deseendat
431 1752 592 1793 divinitus,

271 1798 337 1831 Nos
362 1799 517 1831 illuminet
542 1799 647 1832 hodie.

166 1858 197 1888 2.
224 1855 392 1887 Plenitudo
417 1856 546 1898 gratiae,

224 1902 272 1934 Tu
297 1902 382 1934 solus
408 1903 463 1934 lux
484 1903 638 1944 ¹justitiae,

268 1949 396 1982 Exaudi
418 1959 475 1982 nos
497 1951 529 1982 in
554 1950 615 1982 hac
640 1950 700 1984 die.

165 2008 195 2039 3.
222 2006 291 2038 Rex
317 2006 418 2038 dulcis
441 2008 632 2051 angelorum,

223 2053 313 2085 Salus
337 2054 606 2094 archangelorum.

268 2099 347 2138 Spes
371 2100 404 2132 in
429 2103 462 2131 te
486 2100 691 2139 credentium,

783 1647 849 1678 82.

846 1708 878 1739 4.
905 1707 1058 1739 Solatium
1083 1709 1264 1739 sanctorum

902 1753 947 1786 Et
970 1754 1037 1785 vita
1060 1754 1234 1796 beatorum,

951 1800 1115 1833 Protector
1143 1802 1351 1840 sperantium,

844 1858 874 1889 5.
902 1857 949 1889 Tu
974 1858 1025 1889 via
1049 1861 1260 1900 peecatorum,

902 1904 951 1936 Tu
974 1905 1087 1937 semita
1107 1905 1275 1944 justornm,

948 1952 1099 1984 Latitudo
1126 1951 1277 1985 fidelium.

843 2009 875 2042 6.
901 2009 996 2041 Pater
1022 2017 1055 2040 es
1080 2009 1302 2048 orphanorum,

901 2054 1047 2088 Solamen
1071 2055 1267 2094 miserorum,

948 2103 1118 2135 Plenitudo
1142 2103 1293 2138 omnium,

559 2157 589 2188 7.
616 2156 667 2187 Da
690 2156 830 2189 solamen
854 2158 981 2198 populo,

611 2202 666 2234 Da
688 2204 846 2247 vir‘tutem7
874 2205 905 2236 in
928 2204 1031 2243 jubilo

661 2248 727 2281 Nos
752 2251 874 2289 perduc
897 2251 940 2285 ad
963 2251 1122 2284 solatium.

237 2313 316 2349 Cgm.
336 2314 488 2341 Monacen.
509 2311 556 2348 (ol.
579 2312 729 2348 'reg-urin.)
748 2312 812 2341 716.
833 2322 907 2342 saec.
931 2313 977 2344 15.
