1653 2564
708 113 963 147 —102—

194 209 224 241 5.
252 208 351 247 Quam
380 207 490 240 felices
515 206 643 245 fuerint,
873 208 903 239 7.
931 206 1043 239 Cuncti
1068 214 1158 246 reges
1182 206 1301 240 saeculi

295 256 349 294 qui
374 264 442 287 eum
465 254 592 286 Christo
616 254 812 294 regnabunt!
978 256 1011 284 et
1031 253 1066 284 in
1089 254 1206 285 mundo
1228 257 1392 294 magnates

250 302 348 333 Facie
372 303 414 334 ad
440 299 523 333 facie
930 300 1113 331 Advertant
1137 303 1169 330 et
1193 300 1300 331 elerici

298 349 345 380 sie
373 358 443 380 eum
467 347 666 387 spectabunt,
978 355 1148 386 omnesque
1170 349 1353 390 potestates,

252 395 398 436 Sanctus,
423 398 551 427 sanetus
575 394 729 426 Dominus
931 393 1029 425 Fiant
1053 394 1139 425 velut
1163 394 1299 435 parvuli,

301 442 451 483 Sabaoth,
479 441 729 473 conclamabunt.
979 441 1140 472 dimittant
1162 441 1326 472 vanitates.

251 490 306 521 Ad
325 492 460 521 mortem
485 487 681 527 festinamus,
933 487 985 519 Ad
1012 489 1145 519 mortem
1170 486 1365 528 festinamus,

250 536 389 568 Peeeare
415 536 613 569 desistamus.
929 534 1068 565 Peecare
1092 534 1288 566 desistamus.

195 593 226 624 6.
252 592 296 624 Et
320 601 413 632 quam
438 592 546 624 tristes
571 590 700 630 fuerint,
873 593 906 624 8.
932 590 1015 631 Heu,
1041 588 1157 621 fratres
1183 590 1346 631 carissimi,

301 640 354 679 qui
378 643 507 672 aeterne
530 637 697 678 peribunt!
977 637 1004 668 si
1031 637 1126 676 digne
1151 638 1396 677 contemplemus

252 687 377 719 Poenae
400 696 463 719 non
489 685 645 723 deficient,
933 684 1115 716 Passionem
1138 684 1267 716 Domini

299 743 361 765 non
390 735 522 773 propter
546 733 604 764 has
626 731 767 773 obibunt,
979 740 1086 763 amare
1111 734 1142 762 et
1166 732 1193 763 si
1218 730 1338 773 flemus,

253 780 334 820 Heu,
360 781 431 822 heu,
458 780 528 822 heu,
552 779 732 819 miserrimi,
932 778 977 810 Ut
1004 779 1158 817 pupillam
1182 779 1265 810 oculi

300 836 457 867 nunquam
480 827 557 858 inde
581 826 721 857 exibunt.
980 825 1130 865 servabit,
1157 834 1196 857 ne
1219 834 1395 865 peccemus,

251 875 305 906 Ad
329 879 464 906 mortem
488 872 682 913 festinamus,
932 872 985 903 Ad
1015 877 1148 904 mortem
1170 871 1366 911 festinamus,

256 921 391 953 Pceeare
416 921 614 954 desistamus.
932 920 1071 951 Peeeare
1096 920 1292 952 desistamus.

585 978 616 1010 9.
641 976 736 1008 Alma
759 976 848 1016 virgo
872 975 1038 1015 virginum,

683 1024 716 1054 in
741 1023 835 1054 coelis
861 1025 1020 1062 coronata,

634 1070 731 1110 Apud
755 1072 843 1101 tuum
867 1069 968 1102 filium

682 1117 726 1148 sis
750 1116 841 1148 nobis
866 1116 1021 1149 advocata

635 1164 682 1196 Et
706 1166 780 1203 post
802 1164 864 1196 hoe
888 1163 1033 1195 exsilium

683 1219 851 1242 occurrens
880 1210 1043 1242 advocata.

636 1258 690 1289 Ad
712 1260 845 1289 mortem
868 1257 1066 1298 festinamus,

635 1305 774 1337 Peeeare
800 1305 997 1337 desistamus.

271 1380 339 1407 (2011.
359 1380 454 1407 Monti
492 1379 602 1406 Serrati
622 1388 645 1406 s.
665 1388 694 1405 n.
723 1387 797 1406 saee.
821 1377 864 1406 15.
903 1378 961 1405 Mit
978 1378 1115 1405 Melodie.

796 1509 892 1539 152.

595 1582 732 1614 Fortuna
753 1590 843 1622 quam
863 1582 907 1613 sit
925 1580 1093 1612 mutabilis.

199 1663 228 1694 1.
256 1662 280 1694 O
311 1662 430 1693 varium
877 1663 908 1693 2.
932 1659 1091 1692 Aedificat

302 1709 463 1740 Fortunae
486 1707 651 1750 lubricum,
980 1707 1132 1747 Fortuna,
1160 1707 1265 1746 diruit,

258 1756 345 1788 Dans
372 1756 497 1787 dubium
935 1754 1029 1786 Nune
1052 1754 1190 1797 abdicat,

303 1802 457 1834 Tribunal
481 1802 635 1842 jndieum,
981 1802 1064 1841 Quos
1090 1802 1180 1841 prius
1206 1802 1311 1842 coluit,

256 1850 329 1881 Non
353 1850 512 1882 modicum
936 1848 1018 1886 Quos
1042 1849 1152 1888 noluit,

304 1898 403 1929 Paras
427 1897 501 1928 huie
524 1897 708 1936 praemium,
982 1896 1101 1927 Iterum
1126 1896 1284 1931 vendicat,

258 1944 355 1983 Quem
380 1945 493 1976 tollere
937 1942 1027 1974 Haec
1051 1952 1148 1982 opera

304 1992 373 2023 Tua.
396 1992 464 2024 vult
488 1991 591 2031 gratia
985 1990 1054 2022 Sibi
1079 1991 1250 2031 contraria,

258 2039 300 2070 Et
324 2042 434 2078 petere
937 2037 1026 2069 Dans
1051 2046 1182 2069 munera

308 2086 411 2117 Rotae
434 2085 559 2127 similia,
986 2084 1089 2116 Nimis
1113 2085 1243 2126 labilia;

259 2132 347 2164 Dans
373 2133 469 2164 dubia
938 2131 1074 2164 Mobilia

307 2179 426 2211 Tamen
450 2181 656 2219 praepostere
987 2179 1068 2211 Sunt
1090 2180 1185 2211 sortis
1210 2178 1351 2220 foedera,

261 2225 310 2257 De
333 2229 474 2257 stercore
940 2226 1026 2265 Quae
1052 2226 1171 2258 debiles

309 2273 482 2312 Pauperem
509 2272 642 2311 erigens,
985 2273 1102 2305 Ditans
1125 2274 1275 2306 nobilitat

262 2319 311 2350 De
335 2320 462 2351 rhetore
940 2319 984 2351 Et
1009 2320 1132 2352 nobiles

310 2368 468 2398 consulem
494 2366 624 2405 eligens,
988 2368 1140 2399 Premens
1166 2368 1322 2402 debilitat.
