1653 2566
663 104 896 139 -65-

117 197 148 228 3.
175 196 268 229 Servi
292 199 495 236 providentia
801 202 832 233 4.
859 199 1011 232 Veritatis
1035 200 1206 239 speculum,

222 244 359 276 Talenta
382 247 584 287 multiplicat,
906 247 1032 279 Morum
1058 246 1258 284 domicilium,

175 290 261 322 Dum
292 292 419 324 divinae
441 294 582 332 praemia
860 294 931 326 Lux
957 294 1120 326 illustrans
1145 294 1314 331 saeculum,

227 338 362 370 Virtutis
388 340 571 379 amplificat,
906 341 1001 372 Fidei
1025 341 1228 380 praesidium,

227 384 308 416 Nam
327 386 469 425 verbum,
497 388 580 426 quod
598 388 741 426 seminat,
906 388 1041 420 Errores
1069 389 1206 428 elimina,

225 433 265 463 In
290 433 425 464 salutem
451 434 616 474 germinat.
908 434 1069 466 Tenebras
1098 435 1251 467 illumina.

192 496 275 524 Cant.
295 505 347 524 ms.
368 497 447 524 Petri
468 497 504 525 de
523 498 647 525 Medicis
668 507 743 526 saec.
766 497 809 526 13.
850 499 920 527 God.
941 499 1130 527 Laurentian.
1151 500 1195 527 Pl.
1216 497 1261 526 29.
1286 497 1309 525 1.

739 638 808 668 94.

582 711 625 741 De
645 711 752 742 sancto
772 711 962 743 Bernhardc.

116 792 145 824 1.
172 791 264 823 Terit
287 790 472 822 Bernardus
498 792 604 822 terrea
857 792 1015 823 Vestitum
1043 793 1125 824 stola
1150 793 1277 832 gloriae,

171 838 283 870 Mente
308 840 419 877 raptus
444 837 486 869 ad
512 846 636 880 supera,
859 838 978 870 Christi
1002 838 1155 871 transfert
1180 840 1221 870 ad
1245 839 1346 871 horre}

173 886 265 918 Bella
288 885 433 917 retundit
459 893 575 916 carnea
857 885 1010 917 Fructum
1034 886 1119 918 vitae
1143 886 1328 926 suscipiens.

172 932 288 965 Mundi
313 935 516 964 contemnens
541 941 705 972 prospera.
799 942 831 975 3·
857 942 949 974 Oliva
975 941 1150 981 fruoffifem,

114 992 146 1024 2.
172 990 211 1023 1n
235 989 457 1021 mandatorum
481 997 557 1020 area
858 988 1006 1020 Caritatis
1031 990 1148 1028 unctio,

171 1037 316 1076 Flagello
341 1036 557 1076 poenitentiae
857 1035 985 1067 Nardus
1010 1035 1181 1074 odorifera,

173 1084 300 1124 Spicam
326 1083 430 1115 carnis
456 1084 617 1115 excutiens
857 1082 974 1113 Salutis
1000 1081 1141 1121 refectio,

173 1131 315 1164 Granum
343 1131 497 1163 nudatum
521 1131 624 1171 palea,
857 1129 977 1161 Beatus
1007 1130 1189 1168 extermina,

594 1178 686 1210 Pacis
711 1176 785 1209 fove
807 1176 936 1209 semina.

191 1244 274 1272 Cant.
295 1253 348 1272 ms.
367 1244 448 1272 Petri
469 1244 505 1271 de
524 1243 647 1271 Medicis
668 1251 743 1271 saec.
767 1240 810 1270 13.
852 1241 921 1269 Cod.
942 1242 1131 1270 Laurentian.
1152 1243 1195 1270 Pl.
1216 1241 1261 1270 29.
1285 1240 1308 1269 1.

599 1374 642 1405 De
662 1373 768 1405 sancto
789 1371 944 1411 Dionysio.

738 1450 805 1480 95.

114 1530 145 1564 1.
171 1529 365 1568 Jucunclare,
394 1528 500 1561 Gallia
798 1527 830 1559 4.
857 1528 991 1559 Praeses
1016 1525 1104 1557 urbis
1130 1525 1272 1558 Gallicae

171 1577 312 1610 Illustris
338 1580 371 1609 et
395 1576 518 1614 martia,
857 1574 951 1607 Fidei
977 1573 1150 1605 catholicae

219 1625 316 1657 Patre
340 1624 506 1663 Dionysio,
907 1621 1089 1653 Pullulante
1113 1621 1204 1653 radio

171 1672 293 1704 Eructa
321 1671 462 1712 propitia
859 1668 1027 1709 Praecepit
1052 1669 1228 1709 tyrannice,

173 1718 294 1752 Laudis
320 1717 478 1751 sacrificia
859 1716 921 1749 Dei
946 1724 1054 1748 servos
1078 1716 1207 1756 publice

220 1769 259 1800 In
285 1768 352 1807 ejus
377 1765 539 1798 solemnio.
905 1763 1033 1803 Exponi
1056 1763 1219 1803 martyrio.

115 1837 147 1869 2.
173 1835 237 1866 Hic
267 1833 509 1865 Atheniensium
802 1833 832 1864 5.
860 1831 990 1864 Catasta
1019 1831 1051 1860 et
1074 1830 1216 1868 verbere,

172 1882 334 1922 Linquens
359 1879 558 1921 pontificium
860 1879 964 1916 Orate,
992 1875 1076 1917 fune,
1105 1886 1233 1909 carcere

222 1928 393 1961 Clementis
417 1927 551 1967 imperio
906 1925 951 1957 Et
976 1924 1077 1956 crucis
1102 1925 1260 1964 supplicio

172 1979 210 2010 In
237 1984 368 2016 regnum
395 1974 554 2014 egregium
863 1971 1028 2011 Superatis
1054 1969 1161 2004 facere

175 2025 374 2056 Francorum
399 2021 566 2053 rebellium
860 2018 991 2050 Festum
1022 2020 1196 2058 coeperunt
1219 2017 1287 2050 fere

224 2070 320 2103 Venit
346 2069 504 2101 conductu
530 2068 591 2099 dio.
908 2065 1024 2097 Divino
1055 2066 1196 2098 consilio.

118 2142 150 2174 3.
176 2139 259 2171 1nde
284 2136 404 2169 Christi
432 2135 571 2173 nuntius,
804 2134 836 2166 6.
862 2132 973 2165 Lictor
998 2131 1126 2164 tandem
1151 2132 1292 2164 inclitum

174 2186 272 2226 Cujus
299 2186 369 2216 erat
392 2182 497 2214 socius
862 2179 1037 2219 Seniorum,
1064 2179 1195 2212 fruitam

223 2232 300 2266 Cum
329 2229 517 2263 Eleutherio
911 2226 1048 2259 Coelesti
1073 2228 1189 2268 edulio,

176 2281 336 2319 Rusticus,
365 2278 415 2311 vir
439 2276 562 2317 hagius,
864 2274 1049 2308 Praesentia
1075 2275 1221 2307 comitum

178 2328 330 2368 Replevit
354 2324 497 2359 Parisius
866 2323 927 2355 Per
955 2322 1113 2362 praesidis
1136 2323 1288 2355 monitum

226 2375 345 2409 Divino
370 2372 513 2406 seminio.
914 2369 1103 2411 subjugavit
1126 2371 1242 2411 gladio.

177 2436 198 2458 D
205 2440 256 2458 rev
262 2441 274 2457 e
280 2441 292 2457 s
299 2451 306 2463 ,
321 2433 450 2456 eantionos
464 2432 489 2455 et
502 2429 598 2454 Mutati.
614 2430 645 2452 11.
1244 2425 1261 2454 5
