1653 2566
681 84 916 119 -33—

562 181 594 213 3.
621 180 674 211 Sic
698 188 765 222 nOS‚
791 180 905 221 Maria,

618 226 720 258 Maris
745 227 840 258 stella
864 226 927 265 pia,

619 274 671 305 Ad
696 273 840 312 paradisi

670 320 731 351 duc
754 320 885 359 palatia,

622 367 668 399 Ut
691 368 724 396 te
747 366 922 405 laudemus,

619 414 739 445 Tecum
761 412 932 451 jubilemus

620 459 744 491 Gaudio
771 459 851 490 coeli

667 515 735 537 cum
760 506 900 545 laetitia3

622 553 738 592 Maria,
764 555 799 584 tu
823 552 995 584 remedium

667 600 787 630 cunctis
813 598 954 641 adfuisti,

617 645 667 677 Tu
691 646 846 685 liberasti,

666 693 750 732 quod
775 692 847 724 Eva
872 692 1035 723 damnavit

667 740 879 772 persuasione

716 786 883 820 diabolica.

218 850 286 878 Cod.
299 850 481 887 Maihingen.
501 849 551 885 (ol.
567 849 795 885 Kirehheimen.)
811 851 844 879 Π
862 849 888 877 2.
909 849 946 878 80
967 848 1010 878 13.
1031 859 1094 879 saev
1132 850 1174 879 16.
1190 865 1226 869 —
1242 849 1266 885 1,
1288 850 1305 878 7
1319 852 1389 878 Dite

144 887 168 922 1,
189 887 206 917 9
227 889 366 916 Bonitate
384 890 511 925 propria,
532 889 580 916 bei
599 889 724 916 welcher
743 889 850 916 Lesa-rt
869 890 935 916 eine
955 889 1037 916 Silbe
1056 888 1136 917 fehlt.

761 955 826 983 33.

141 1003 169 1036 1.
198 1002 289 1034 Haec
309 1005 358 1034 est
384 1004 451 1036 dies
475 1003 687 1043 triumphalis,
823 1004 854 1034 2.
882 1002 971 1034 Duce
995 1000 1118 1034 fraudis
1145 1003 1293 1034 demolito

245 1050 367 1082 Mundo
396 1053 488 1091 grata
511 1051 649 1090 perdito,
930 1048 1040 1081 Terris
1064 1058 1129 1089 pax
1152 1050 1313 1092 indicitur,

195 1098 284 1129 Dans
317 1097 458 1129 solamen
483 1098 601 1129 nostris
625 1098 717 1130 malis
881 1096 927 1128 Et
949 1096 1101 1128 exhausto
1127 1097 1251 1128 aconito

243 1144 346 1176 Hoste
368 1145 444 1186 jugo
469 1145 610 1187 subdito,
930 1143 1022 1175 Salus
1047 1144 1151 1184 aegris
1176 1143 1341 1184 redditur,

199 1192 288 1224 Haec
313 1195 361 1223 est
384 1192 454 1225 Deo
479 1193 638 1235 specialis,
881 1190 989 1223 Morte
1011 1191 1123 1223 mortis
1148 1200 1254 1223 morsu
1279 1191 1354 1222 trito

242 1240 346 1271 Tanto
371 1241 476 1272 nitens
500 1240 624 1280 merito,
929 1238 1024 1270 Vitae
1047 1247 1120 1278 spes
1144 1237 1336 1280 infunditur,

194 1288 284 1327 Quod
309 1288 434 1326 peccati
457 1288 500 1319 sit
523 1286 628 1319 finalis
882 1286 1029 1319 Claustro
1054 1286 1154 1325 pestis
1178 1285 1299 1317 inanito

240 1334 322 1366 Mali
345 1336 428 1367 malo
453 1335 556 1367 irrito.
928 1331 1028 1364 Nefas
1054 1342 1146 1364 omne
1170 1333 1310 1373 pellitur.

480 1393 511 1425 3.
535 1392 611 1425 Cum
638 1399 694 1422 nos
718 1390 863 1424 Christus
889 1388 1063 1421 fecundare

583 1439 686 1471 Tanto
712 1438 810 1470 vellet
837 1436 969 1469 foedere

548 1487 593 1518 Et
617 1494 651 1517 se
675 1485 771 1517 morti
795 1485 894 1525 gratis
921 1485 998 1516 dare

580 1534 643 1566 Pro
669 1541 795 1564 reorum
820 1532 950 1572 scelere,

535 1583 614 1615 Jure
640 1581 733 1613 decet
757 1580 841 1612 hunc
865 1580 998 1612 laudare

582 1629 627 1660 Et
652 1628 681 1660 ei
707 1636 908 1668 consurgere,

533 1676 658 1708 Pascha
687 1684 803 1708 novum
829 1674 991 1706 celebrare

583 1723 697 1762 Corde,
726 1731 811 1765 voce,
838 1730 945 1762 opere.

209 1787 284 1815 Cani:
312 1797 364 1816 ms,
385 1788 466 1817 Petri
489 1790 523 1817 dc
543 1789 668 1817 Medicis
689 1796 764 1816 saec.
785 1785 830 1815 13.
872 1787 942 1815 Cod.
963 1787 1155 1815 Laurentian.
1176 1787 1221 1814 Pl.
1243 1784 1288 1814 29.
1311 1784 1335 1813 1.
1362 1786 1390 1813 A.
1412 1800 1446 1804 —

131 1826 215 1854 Cant.
236 1834 288 1854 ms.
308 1827 485 1855 Toletanum
506 1836 581 1855 saec.
603 1824 647 1854 13.
681 1826 751 1854 God.
765 1826 915 1853 Matriten.
929 1825 1024 1853 Tolet.
1046 1823 1102 1853 930
1122 1822 1264 1859 (33—23).
1279 1824 1312 1851 B.
1328 1838 1363 1842 ——
1379 1823 1448 1851 Cod.

132 1864 392 1899 Guelfenbyteran.
413 1865 627 1893 Helmstatlien.
650 1862 714 1892 628.
736 1872 812 1891 saec.
836 1861 879 1891 13.
898 1862 927 1890 C.
949 1877 985 1882 --
1009 1862 1034 1896 1,
1056 1862 1072 1890 7
1095 1863 1129 1890 fit
1147 1863 1182 1890 A.
1202 1876 1240 1881 -
1260 1859 1287 1896 3,
1308 1859 1326 1889 3
1347 1862 1443 1889 mortis

130 1903 163 1930 B.
186 1917 224 1921 —
245 1902 302 1930 cfr.
323 1903 490 1931 Milchsack
512 1901 567 1930 190
588 1911 630 1939 sq.

759 1966 827 1996 34.

131 2021 160 2052 1.
188 2017 260 2059 EJa‚
288 2017 456 2048 stematica
822 2016 854 2048 2.
879 2016 1057 2047 Pronomen
1080 2023 1235 2046 nemenon

190 2064 285 2097 Vocis
312 2064 481 2096 harmonia
882 2061 1014 2100 Hypate
1036 2061 1178 2101 hypaton

187 2114 289 2146 Festa
312 2111 481 2152 paschalia
881 2108 1021 2140 Resonet
1046 2116 1222 2140 commeson

237 2159 456 2202 celebrentur,
927 2155 1146 2188 Tetrachordo

186 2208 314 2241 Musica
337 2207 463 2249 melica,
883 2202 1015 2234 Nethesi
1039 2203 1188 2235 hemeron

188 2255 392 2297 Rhythmica,
418 2253 552 2286 metrica
883 2249 959 2282 Cum
985 2250 1038 2282 die
1062 2260 1208 2283 zemeron

187 2305 262 2337 Jam
286 2311 369 2335 nova
394 2301 519 2334 cantica
881 2297 943 2330 Pos
969 2301 1109 2338 pangant
1133 2299 1284 2338 meloron,

233 2349 452 2383 Modulentur.
928 2345 1037 2379 Poscit
1060 2346 1150 2379 ordo.

183 2409 308 2433 Dreves,
324 2406 451 2431 Cantiones
467 2406 492 2430 et.
505 2403 609 2438 Mutati·
625 2402 657 2425 H.
1260 2399 1278 2430 3
