<?xml version="1.0" encoding="UTF-8"?>
<!DOCTYPE html PUBLIC "-//W3C//DTD XHTML 1.0 Transitional//EN"
    "http://www.w3.org/TR/xhtml1/DTD/xhtml1-transitional.dtd">
<html xmlns="http://www.w3.org/1999/xhtml" xml:lang="en" lang="en">
 <head>
  <title>
</title>
<meta http-equiv="Content-Type" content="text/html;charset=utf-8" />
  <meta name='ocr-system' content='tesseract 3.04.00' />
  <meta name='ocr-capabilities' content='ocr_page ocr_carea ocr_par ocr_line ocrx_word'/>
</head>
<body>
  <div class='ocr_page' id='page_1' title='image "./analectahymnica21drevuoft_00200.png"; bbox 0 0 1653 2566; ppageno 0'>
   <div class='ocr_carea' id='block_1_1' title="bbox 657 57 911 94">
    <p class='ocr_par' dir='ltr' id='par_1_1' title="bbox 657 57 911 94">
     <span class='ocr_line' id='line_1_1' title="bbox 657 57 911 94; baseline -0.008 0"><span class='ocrx_word' id='word_1_1' title='bbox 657 57 911 94; x_wconf 84' lang='lat'>—199—</span> 
     </span>
    </p>
   </div>
   <div class='ocr_carea' id='block_1_2' title="bbox 722 154 831 189">
    <p class='ocr_par' dir='ltr' id='par_1_2' title="bbox 722 154 831 189">
     <span class='ocr_line' id='line_1_2' title="bbox 722 154 831 189; baseline -0.009 -1"><span class='ocrx_word' id='word_1_2' title='bbox 722 154 831 189; x_wconf 85' lang='lat' dir='ltr'>XXII.</span> 
     </span>
    </p>
   </div>
   <div class='ocr_carea' id='block_1_3' title="bbox 121 202 1323 1143">
    <p class='ocr_par' dir='ltr' id='par_1_3' title="bbox 191 202 1211 382">
     <span class='ocr_line' id='line_1_3' title="bbox 191 202 1211 249; baseline 0.004 -16"><span class='ocrx_word' id='word_1_3' title='bbox 191 202 286 234; x_wconf 85' lang='lat' dir='ltr'>Mens</span> <span class='ocrx_word' id='word_1_4' title='bbox 311 202 407 236; x_wconf 90' lang='lat' dir='ltr'>fidem</span> <span class='ocrx_word' id='word_1_5' title='bbox 431 207 576 249; x_wconf 83' lang='lat' dir='ltr'>seminat,</span> <span class='ocrx_word' id='word_1_6' title='bbox 874 206 966 247; x_wconf 85' lang='lat' dir='ltr'><strong>Fide,</strong></span> <span class='ocrx_word' id='word_1_7' title='bbox 993 215 1049 246; x_wconf 90' lang='lat' dir='ltr'>spe</span> <span class='ocrx_word' id='word_1_8' title='bbox 1073 206 1211 249; x_wconf 84' lang='lat' dir='ltr'>maritat,</span> 
     </span>
     <span class='ocr_line' id='line_1_4' title="bbox 192 249 1203 297; baseline 0.004 -16"><span class='ocrx_word' id='word_1_9' title='bbox 192 249 291 283; x_wconf 84' lang='lat' dir='ltr'><strong>Fides</strong></span> <span class='ocrx_word' id='word_1_10' title='bbox 317 260 406 291; x_wconf 82' lang='lat' dir='ltr'>spem</span> <span class='ocrx_word' id='word_1_11' title='bbox 434 254 599 297; x_wconf 83' lang='lat' dir='ltr'>germinat,</span> <span class='ocrx_word' id='word_1_12' title='bbox 875 254 993 286; x_wconf 78' lang='lat' dir='ltr'>Miscet</span> <span class='ocrx_word' id='word_1_13' title='bbox 1014 254 1203 294; x_wconf 82' lang='lat' dir='ltr'>harmonias,</span> 
     </span>
     <span class='ocr_line' id='line_1_5' title="bbox 195 297 1095 333; baseline 0.004 -4"><span class='ocrx_word' id='word_1_14' title='bbox 195 297 320 330; x_wconf 85' lang='lat' dir='ltr'>Caritas</span> <span class='ocrx_word' id='word_1_15' title='bbox 346 301 537 333; x_wconf 74' lang='lat' dir='ltr'>exterminat</span> <span class='ocrx_word' id='word_1_16' title='bbox 876 301 966 332; x_wconf 83' lang='lat' dir='ltr'>Parit</span> <span class='ocrx_word' id='word_1_17' title='bbox 991 302 1095 333; x_wconf 81' lang='lat' dir='ltr'>varias</span> 
     </span>
     <span class='ocr_line' id='line_1_6' title="bbox 192 345 1045 382; baseline 0.007 -7"><span class='ocrx_word' id='word_1_18' title='bbox 192 345 315 376; x_wconf 89' lang='lat' dir='ltr'>Metum</span> <span class='ocrx_word' id='word_1_19' title='bbox 340 349 372 377; x_wconf 93' lang='lat' dir='ltr'>et</span> <span class='ocrx_word' id='word_1_20' title='bbox 397 347 547 380; x_wconf 81' lang='lat' dir='ltr'>eliminat.</span> <span class='ocrx_word' id='word_1_21' title='bbox 876 348 1045 382; x_wconf 84' lang='lat' dir='ltr'>Melodias.</span> 
     </span>
    </p>

    <p class='ocr_par' dir='ltr' id='par_1_4' title="bbox 146 391 1303 531">
     <span class='ocr_line' id='line_1_7' title="bbox 146 391 1226 435; baseline 0.002 -11"><span class='ocrx_word' id='word_1_22' title='bbox 146 394 175 424; x_wconf 85' lang='lat'>5.</span> <span class='ocrx_word' id='word_1_23' title='bbox 193 391 330 424; x_wconf 66' lang='lat' dir='ltr'>Ger-men</span> <span class='ocrx_word' id='word_1_24' title='bbox 354 392 392 425; x_wconf 84' lang='lat' dir='ltr'>fit</span> <span class='ocrx_word' id='word_1_25' title='bbox 419 394 459 426; x_wconf 90' lang='lat' dir='ltr'>de</span> <span class='ocrx_word' id='word_1_26' title='bbox 483 395 611 435; x_wconf 88' lang='lat' dir='ltr'>semine,</span> <span class='ocrx_word' id='word_1_27' title='bbox 807 397 861 428; x_wconf 84' lang='lat'>25.</span> <span class='ocrx_word' id='word_1_28' title='bbox 879 395 1002 428; x_wconf 87' lang='lat' dir='ltr'>Caritas</span> <span class='ocrx_word' id='word_1_29' title='bbox 1028 397 1076 427; x_wconf 80' lang='lat' dir='ltr'>est</span> <span class='ocrx_word' id='word_1_30' title='bbox 1099 394 1226 434; x_wconf 89' lang='lat' dir='ltr'>bonum,</span> 
     </span>
     <span class='ocr_line' id='line_1_8' title="bbox 193 439 1303 483; baseline 0.002 -12"><span class='ocrx_word' id='word_1_31' title='bbox 193 439 323 471; x_wconf 80' lang='lat' dir='ltr'>Florem</span> <span class='ocrx_word' id='word_1_32' title='bbox 348 449 475 480; x_wconf 83' lang='lat' dir='ltr'>germen</span> <span class='ocrx_word' id='word_1_33' title='bbox 501 443 660 483; x_wconf 80' lang='lat' dir='ltr'>propinat,</span> <span class='ocrx_word' id='word_1_34' title='bbox 878 443 968 481; x_wconf 75' lang='lat' dir='ltr'>Quod</span> <span class='ocrx_word' id='word_1_35' title='bbox 993 444 1129 474; x_wconf 78' lang='lat' dir='ltr'>mentem</span> <span class='ocrx_word' id='word_1_36' title='bbox 1148 441 1303 481; x_wconf 84' lang='lat' dir='ltr'>justificat</span> 
     </span>
     <span class='ocr_line' id='line_1_9' title="bbox 192 485 1092 531; baseline 0.002 -14"><span class='ocrx_word' id='word_1_37' title='bbox 192 485 345 518; x_wconf 77' lang='lat' dir='ltr'><strong>Fructum</strong></span> <span class='ocrx_word' id='word_1_38' title='bbox 370 486 429 519; x_wconf 81' lang='lat' dir='ltr'>fios</span> <span class='ocrx_word' id='word_1_39' title='bbox 453 490 653 528; x_wconf 83' lang='lat' dir='ltr'>propaginat,</span> <span class='ocrx_word' id='word_1_40' title='bbox 879 490 940 521; x_wconf 88' lang='lat' dir='ltr'>Per</span> <span class='ocrx_word' id='word_1_41' title='bbox 964 491 1092 531; x_wconf 81' lang='lat' dir='ltr'>gratias,</span> 
     </span>
    </p>

    <p class='ocr_par' dir='ltr' id='par_1_5' title="bbox 193 533 1235 576">
     <span class='ocr_line' id='line_1_10' title="bbox 193 533 1235 576; baseline 0.003 -12"><span class='ocrx_word' id='word_1_42' title='bbox 193 534 302 565; x_wconf 83' lang='lat' dir='ltr'>Virtus</span> <span class='ocrx_word' id='word_1_43' title='bbox 324 533 360 566; x_wconf 89' lang='lat' dir='ltr'>fit</span> <span class='ocrx_word' id='word_1_44' title='bbox 385 535 446 567; x_wconf 90' lang='lat' dir='ltr'>hoc</span> <span class='ocrx_word' id='word_1_45' title='bbox 470 536 598 569; x_wconf 89' lang='lat' dir='ltr'>ordine:</span> <span class='ocrx_word' id='word_1_46' title='bbox 877 537 980 568; x_wconf 90' lang='lat' dir='ltr'>Verae</span> <span class='ocrx_word' id='word_1_47' title='bbox 1004 536 1084 569; x_wconf 87' lang='lat' dir='ltr'>lucis</span> <span class='ocrx_word' id='word_1_48' title='bbox 1111 536 1235 576; x_wconf 81' lang='lat' dir='ltr'>donum,</span> 
     </span>
    </p>

    <p class='ocr_par' dir='ltr' id='par_1_6' title="bbox 123 580 1323 673">
     <span class='ocr_line' id='line_1_11' title="bbox 192 580 1323 623; baseline 0.004 -11"><span class='ocrx_word' id='word_1_49' title='bbox 192 580 290 613; x_wconf 86' lang='lat' dir='ltr'>Fides</span> <span class='ocrx_word' id='word_1_50' title='bbox 316 582 395 622; x_wconf 85' lang='lat' dir='ltr'>spei,</span> <span class='ocrx_word' id='word_1_51' title='bbox 882 583 971 621; x_wconf 77' lang='lat' dir='ltr'>Quod</span> <span class='ocrx_word' id='word_1_52' title='bbox 995 583 1142 615; x_wconf 80' lang='lat' dir='ltr'>tenebras</span> <span class='ocrx_word' id='word_1_53' title='bbox 1166 582 1323 623; x_wconf 86' lang='lat' dir='ltr'>purificat.</span> 
     </span>
     <span class='ocr_line' id='line_1_12' title="bbox 123 627 1092 673; baseline 0.001 -13"><span class='ocrx_word' id='word_1_54' title='bbox 123 628 176 660; x_wconf 89' lang='lat'>10.</span> <span class='ocrx_word' id='word_1_55' title='bbox 193 627 273 667; x_wconf 85' lang='lat' dir='ltr'>Spes</span> <span class='ocrx_word' id='word_1_56' title='bbox 298 631 345 659; x_wconf 86' lang='lat' dir='ltr'>est</span> <span class='ocrx_word' id='word_1_57' title='bbox 372 630 400 660; x_wconf 88' lang='lat' dir='ltr'>ei</span> <span class='ocrx_word' id='word_1_58' title='bbox 807 632 861 663; x_wconf 86' lang='lat'>30.</span> <span class='ocrx_word' id='word_1_59' title='bbox 877 630 969 661; x_wconf 86' lang='lat' dir='ltr'>Hanc</span> <span class='ocrx_word' id='word_1_60' title='bbox 993 631 1092 673; x_wconf 88' lang='lat' dir='ltr'>sitias,</span> 
     </span>
    </p>

    <p class='ocr_par' dir='ltr' id='par_1_7' title="bbox 192 675 1090 717">
     <span class='ocr_line' id='line_1_13' title="bbox 192 675 1090 717; baseline 0.001 -11"><span class='ocrx_word' id='word_1_61' title='bbox 192 675 298 706; x_wconf 84' lang='lat' dir='ltr'>Radix</span> <span class='ocrx_word' id='word_1_62' title='bbox 324 679 356 706; x_wconf 81' lang='lat' dir='ltr'>et</span> <span class='ocrx_word' id='word_1_63' title='bbox 379 676 514 717; x_wconf 86' lang='lat' dir='ltr'>initium,</span> <span class='ocrx_word' id='word_1_64' title='bbox 880 678 982 708; x_wconf 83' lang='lat' dir='ltr'>vanas</span> <span class='ocrx_word' id='word_1_65' title='bbox 1009 679 1090 710; x_wconf 90' lang='lat' dir='ltr'>scias</span> 
     </span>
    </p>

    <p class='ocr_par' dir='ltr' id='par_1_8' title="bbox 194 722 1245 765">
     <span class='ocr_line' id='line_1_14' title="bbox 194 722 1245 765; baseline 0.003 -12"><span class='ocrx_word' id='word_1_66' title='bbox 194 722 280 761; x_wconf 78' lang='lat' dir='ltr'>Quae</span> <span class='ocrx_word' id='word_1_67' title='bbox 306 723 375 754; x_wconf 82' lang='lat' dir='ltr'>sola</span> <span class='ocrx_word' id='word_1_68' title='bbox 397 724 500 763; x_wconf 83' lang='lat' dir='ltr'>major</span> <span class='ocrx_word' id='word_1_69' title='bbox 524 723 672 762; x_wconf 86' lang='lat' dir='ltr'>omnium,</span> <span class='ocrx_word' id='word_1_70' title='bbox 876 724 1026 764; x_wconf 85' lang='lat' dir='ltr'>Linguas,</span> <span class='ocrx_word' id='word_1_71' title='bbox 1053 725 1245 765; x_wconf 83' lang='lat' dir='ltr'>prophetias,</span> 
     </span>
    </p>

    <p class='ocr_par' dir='ltr' id='par_1_9' title="bbox 191 769 1134 813">
     <span class='ocr_line' id='line_1_15' title="bbox 191 769 1134 813; baseline 0.002 -13"><span class='ocrx_word' id='word_1_72' title='bbox 191 769 347 801; x_wconf 80' lang='lat' dir='ltr'>Extrema</span> <span class='ocrx_word' id='word_1_73' title='bbox 371 770 474 811; x_wconf 86' lang='lat' dir='ltr'>ligans</span> <span class='ocrx_word' id='word_1_74' title='bbox 499 770 650 810; x_wconf 86' lang='lat' dir='ltr'>medium,</span> <span class='ocrx_word' id='word_1_75' title='bbox 875 771 992 802; x_wconf 83' lang='lat' dir='ltr'>Rerum</span> <span class='ocrx_word' id='word_1_76' title='bbox 1018 772 1134 813; x_wconf 83' lang='lat' dir='ltr'>copias,</span> 
     </span>
    </p>

    <p class='ocr_par' dir='ltr' id='par_1_10' title="bbox 122 816 1175 905">
     <span class='ocr_line' id='line_1_16' title="bbox 192 816 1170 861; baseline 0.001 -13"><span class='ocrx_word' id='word_1_77' title='bbox 192 816 278 855; x_wconf 82' lang='lat' dir='ltr'>Quae</span> <span class='ocrx_word' id='word_1_78' title='bbox 303 817 411 848; x_wconf 86' lang='lat' dir='ltr'>vitium</span> <span class='ocrx_word' id='word_1_79' title='bbox 876 818 969 849; x_wconf 80' lang='lat' dir='ltr'>Hanc</span> <span class='ocrx_word' id='word_1_80' title='bbox 992 819 1026 850; x_wconf 88' lang='lat' dir='ltr'>ni</span> <span class='ocrx_word' id='word_1_81' title='bbox 1052 818 1170 861; x_wconf 87' lang='lat' dir='ltr'>capias,</span> 
     </span>
     <span class='ocr_line' id='line_1_17' title="bbox 122 863 1175 905; baseline 0.001 -10"><span class='ocrx_word' id='word_1_82' title='bbox 122 863 177 897; x_wconf 87' lang='lat'>15.</span> <span class='ocrx_word' id='word_1_83' title='bbox 192 864 351 904; x_wconf 84' lang='lat' dir='ltr'>Declinat,</span> <span class='ocrx_word' id='word_1_84' title='bbox 378 865 484 897; x_wconf 83' lang='lat' dir='ltr'>odium</span> <span class='ocrx_word' id='word_1_85' title='bbox 806 866 860 898; x_wconf 81' lang='lat'>35.</span> <span class='ocrx_word' id='word_1_86' title='bbox 875 865 969 896; x_wconf 88' lang='lat' dir='ltr'>Hanc</span> <span class='ocrx_word' id='word_1_87' title='bbox 992 866 1026 896; x_wconf 88' lang='lat' dir='ltr'>ni</span> <span class='ocrx_word' id='word_1_88' title='bbox 1052 865 1175 905; x_wconf 85' lang='lat' dir='ltr'>sapias;</span> 
     </span>
    </p>

    <p class='ocr_par' dir='ltr' id='par_1_11' title="bbox 190 912 1087 952">
     <span class='ocr_line' id='line_1_18' title="bbox 190 912 1087 952; baseline 0.001 -9"><span class='ocrx_word' id='word_1_89' title='bbox 190 912 290 952; x_wconf 80' lang='lat' dir='ltr'>Vitat,</span> <span class='ocrx_word' id='word_1_90' title='bbox 877 913 952 943; x_wconf 88' lang='lat' dir='ltr'>Vias</span> <span class='ocrx_word' id='word_1_91' title='bbox 979 913 1087 944; x_wconf 74' lang='lat' dir='ltr'>devias</span> 
     </span>
    </p>

    <p class='ocr_par' dir='ltr' id='par_1_12' title="bbox 193 958 1179 999">
     <span class='ocr_line' id='line_1_19' title="bbox 193 958 1179 999; baseline 0.001 -10"><span class='ocrx_word' id='word_1_92' title='bbox 193 958 258 990; x_wconf 84' lang='lat' dir='ltr'>Nos</span> <span class='ocrx_word' id='word_1_93' title='bbox 283 958 399 990; x_wconf 82' lang='lat' dir='ltr'>invitat,</span> <span class='ocrx_word' id='word_1_94' title='bbox 875 959 937 990; x_wconf 83' lang='lat' dir='ltr'>Per</span> <span class='ocrx_word' id='word_1_95' title='bbox 962 959 1043 990; x_wconf 88' lang='lat' dir='ltr'>hanc</span> <span class='ocrx_word' id='word_1_96' title='bbox 1067 958 1179 999; x_wconf 76' lang='lat' dir='ltr'>fugias,</span> 
     </span>
    </p>

    <p class='ocr_par' dir='ltr' id='par_1_13' title="bbox 193 1005 1072 1047">
     <span class='ocr_line' id='line_1_20' title="bbox 193 1005 1072 1047; baseline -0.001 -9"><span class='ocrx_word' id='word_1_97' title='bbox 193 1006 310 1038; x_wconf 82' lang='lat' dir='ltr'>Cursus</span> <span class='ocrx_word' id='word_1_98' title='bbox 336 1006 377 1037; x_wconf 88' lang='lat' dir='ltr'>ad</span> <span class='ocrx_word' id='word_1_99' title='bbox 402 1007 549 1044; x_wconf 83' lang='lat' dir='ltr'>stadium,</span> <span class='ocrx_word' id='word_1_100' title='bbox 874 1006 981 1038; x_wconf 84' lang='lat' dir='ltr'>Arbor</span> <span class='ocrx_word' id='word_1_101' title='bbox 1004 1005 1072 1047; x_wconf 87' lang='lat' dir='ltr'>fias,</span> 
     </span>
    </p>

    <p class='ocr_par' dir='ltr' id='par_1_14' title="bbox 121 1052 1245 1143">
     <span class='ocr_line' id='line_1_21' title="bbox 194 1052 1188 1096; baseline 0.002 -14"><span class='ocrx_word' id='word_1_102' title='bbox 194 1053 285 1084; x_wconf 86' lang='lat' dir='ltr'>Vitae</span> <span class='ocrx_word' id='word_1_103' title='bbox 309 1052 462 1096; x_wconf 84' lang='lat' dir='ltr'>bravium,</span> <span class='ocrx_word' id='word_1_104' title='bbox 875 1052 919 1084; x_wconf 87' lang='lat' dir='ltr'>Ut</span> <span class='ocrx_word' id='word_1_105' title='bbox 942 1053 1056 1084; x_wconf 91' lang='lat' dir='ltr'>bonum</span> <span class='ocrx_word' id='word_1_106' title='bbox 1082 1053 1188 1091; x_wconf 82' lang='lat' dir='ltr'>parias</span> 
     </span>
     <span class='ocr_line' id='line_1_22' title="bbox 121 1098 1245 1143; baseline 0 -12"><span class='ocrx_word' id='word_1_107' title='bbox 121 1100 176 1132; x_wconf 92' lang='lat'>20.</span> <span class='ocrx_word' id='word_1_108' title='bbox 191 1099 333 1131; x_wconf 86' lang='lat' dir='ltr'>Mentem</span> <span class='ocrx_word' id='word_1_109' title='bbox 360 1100 450 1143; x_wconf 85' lang='lat' dir='ltr'>ditat,</span> <span class='ocrx_word' id='word_1_110' title='bbox 802 1100 857 1132; x_wconf 72' lang='lat'>40.</span> <span class='ocrx_word' id='word_1_111' title='bbox 874 1098 1025 1130; x_wconf 82' lang='lat' dir='ltr'>Fructum</span> <span class='ocrx_word' id='word_1_112' title='bbox 1048 1101 1080 1131; x_wconf 89' lang='lat' dir='ltr'>in</span> <span class='ocrx_word' id='word_1_113' title='bbox 1107 1100 1245 1135; x_wconf 80' lang='lat' dir='ltr'>odorem,</span> 
     </span>
    </p>
   </div>
   <div class='ocr_carea' id='block_1_4' title="bbox 117 1151 1424 1265">
    <p class='ocr_par' dir='ltr' id='par_1_15' title="bbox 117 1151 1424 1265">
     <span class='ocr_line' id='line_1_23' title="bbox 196 1151 1424 1185; baseline 0.002 -4"><span class='ocrx_word' id='word_1_114' title='bbox 196 1154 278 1182; x_wconf 83' lang='lat' dir='ltr'>Cant.</span> <span class='ocrx_word' id='word_1_115' title='bbox 305 1163 358 1181; x_wconf 86' lang='lat' dir='ltr'>ms.</span> <span class='ocrx_word' id='word_1_116' title='bbox 378 1153 460 1182; x_wconf 78' lang='lat' dir='ltr'>Petri</span> <span class='ocrx_word' id='word_1_117' title='bbox 479 1155 515 1182; x_wconf 86' lang='lat' dir='ltr'>de</span> <span class='ocrx_word' id='word_1_118' title='bbox 533 1154 657 1181; x_wconf 75' lang='lat' dir='ltr'>Medicis</span> <span class='ocrx_word' id='word_1_119' title='bbox 677 1162 751 1181; x_wconf 73' lang='lat' dir='ltr'>saec.</span> <span class='ocrx_word' id='word_1_120' title='bbox 775 1151 818 1181; x_wconf 78' lang='lat'>13.</span> <span class='ocrx_word' id='word_1_121' title='bbox 857 1154 925 1181; x_wconf 61' lang='lat' dir='ltr'>(jod.</span> <span class='ocrx_word' id='word_1_122' title='bbox 946 1155 1133 1182; x_wconf 81' lang='lat' dir='ltr'>Laurentian.</span> <span class='ocrx_word' id='word_1_123' title='bbox 1154 1156 1197 1182; x_wconf 90' lang='lat' dir='ltr'>Pl.</span> <span class='ocrx_word' id='word_1_124' title='bbox 1220 1155 1264 1184; x_wconf 83' lang='lat'>29.</span> <span class='ocrx_word' id='word_1_125' title='bbox 1288 1156 1312 1184; x_wconf 84' lang='lat'>1.</span> <span class='ocrx_word' id='word_1_126' title='bbox 1333 1158 1366 1185; x_wconf 83' lang='lat' dir='ltr'>A.</span> <span class='ocrx_word' id='word_1_127' title='bbox 1390 1173 1424 1177; x_wconf 97' lang='lat'>—</span> 
     </span>
     <span class='ocr_line' id='line_1_24' title="bbox 119 1189 1423 1228; baseline 0.004 -10"><span class='ocrx_word' id='word_1_128' title='bbox 119 1192 202 1219; x_wconf 83' lang='lat' dir='ltr'>Cant.</span> <span class='ocrx_word' id='word_1_129' title='bbox 223 1200 276 1219; x_wconf 89' lang='lat' dir='ltr'>ms.</span> <span class='ocrx_word' id='word_1_130' title='bbox 296 1192 471 1220; x_wconf 81' lang='lat' dir='ltr'>Toletanum</span> <span class='ocrx_word' id='word_1_131' title='bbox 493 1200 568 1220; x_wconf 85' lang='lat' dir='ltr'>saec.</span> <span class='ocrx_word' id='word_1_132' title='bbox 591 1189 634 1219; x_wconf 71' lang='lat'>13.</span> <span class='ocrx_word' id='word_1_133' title='bbox 672 1191 740 1219; x_wconf 79' lang='lat' dir='ltr'>Cod.</span> <span class='ocrx_word' id='word_1_134' title='bbox 760 1193 907 1219; x_wconf 71' lang='lat' dir='ltr'>Mati-iteri.</span> <span class='ocrx_word' id='word_1_135' title='bbox 922 1193 1016 1219; x_wconf 81' lang='lat' dir='ltr'>Tolet.</span> <span class='ocrx_word' id='word_1_136' title='bbox 1040 1190 1095 1220; x_wconf 78' lang='lat'>930</span> <span class='ocrx_word' id='word_1_137' title='bbox 1114 1190 1249 1228; x_wconf 76' lang='lat'>(33—23)</span> <span class='ocrx_word' id='word_1_138' title='bbox 1266 1195 1297 1222; x_wconf 86' lang='lat' dir='ltr'>B.</span> <span class='ocrx_word' id='word_1_139' title='bbox 1321 1209 1355 1215; x_wconf 49' lang='grc' dir='ltr'>-ν-</span> <span class='ocrx_word' id='word_1_140' title='bbox 1378 1194 1423 1223; x_wconf 83' lang='grc'>21.</span> 
     </span>
     <span class='ocr_line' id='line_1_25' title="bbox 117 1228 638 1265; baseline -0.004 -7"><span class='ocrx_word' id='word_1_141' title='bbox 117 1230 204 1258; x_wconf 85' lang='lat' dir='ltr'>Fides</span> <span class='ocrx_word' id='word_1_142' title='bbox 224 1231 257 1258; x_wconf 87' lang='grc' dir='ltr'>Β.</span> <span class='ocrx_word' id='word_1_143' title='bbox 279 1245 316 1249; x_wconf 85' lang='grc'>-</span> <span class='ocrx_word' id='word_1_144' title='bbox 336 1228 381 1257; x_wconf 82' lang='grc'>26.</span> <span class='ocrx_word' id='word_1_145' title='bbox 402 1231 530 1258; x_wconf 85' lang='lat' dir='ltr'>Mentem</span> <span class='ocrx_word' id='word_1_146' title='bbox 551 1230 638 1265; x_wconf 82' lang='lat' dir='ltr'>quod.</span> 
     </span>
    </p>
   </div>
   <div class='ocr_carea' id='block_1_5' title="bbox 119 1287 1251 2326">
    <p class='ocr_par' dir='ltr' id='par_1_16' title="bbox 119 1287 1251 2326">
     <span class='ocr_line' id='line_1_26' title="bbox 717 1287 841 1320; baseline 0 0"><span class='ocrx_word' id='word_1_147' title='bbox 717 1287 841 1320; x_wconf 86' lang='lat' dir='ltr'>XXIII.</span> 
     </span>
     <span class='ocr_line' id='line_1_27' title="bbox 190 1339 1024 1381; baseline 0.001 -11"><span class='ocrx_word' id='word_1_148' title='bbox 190 1339 303 1381; x_wconf 89' lang='lat' dir='ltr'>Homo,</span> <span class='ocrx_word' id='word_1_149' title='bbox 331 1349 391 1379; x_wconf 88' lang='lat' dir='ltr'>quo</span> <span class='ocrx_word' id='word_1_150' title='bbox 418 1341 525 1381; x_wconf 83' lang='lat' dir='ltr'>vigeas</span> <span class='ocrx_word' id='word_1_151' title='bbox 874 1339 1024 1378; x_wconf 86' lang='lat' dir='ltr'>Speciose</span> 
     </span>
     <span class='ocr_line' id='line_1_28' title="bbox 187 1386 998 1427; baseline 0.002 -11"><span class='ocrx_word' id='word_1_152' title='bbox 187 1386 279 1427; x_wconf 85' lang='lat' dir='ltr'>Vide,</span> <span class='ocrx_word' id='word_1_153' title='bbox 872 1387 998 1426; x_wconf 83' lang='lat' dir='ltr'>Valeas,</span> 
     </span>
     <span class='ocr_line' id='line_1_29' title="bbox 191 1433 1001 1474; baseline 0 -10"><span class='ocrx_word' id='word_1_154' title='bbox 191 1433 250 1464; x_wconf 90' lang='lat' dir='ltr'>Dei</span> <span class='ocrx_word' id='word_1_155' title='bbox 872 1434 1001 1474; x_wconf 82' lang='lat' dir='ltr'>Virtuti,</span> 
     </span>
     <span class='ocr_line' id='line_1_30' title="bbox 189 1480 973 1514; baseline -0.001 -2"><span class='ocrx_word' id='word_1_156' title='bbox 189 1480 283 1512; x_wconf 84' lang='lat' dir='ltr'>Fidei</span> <span class='ocrx_word' id='word_1_157' title='bbox 802 1483 856 1514; x_wconf 85' lang='lat'>25.</span> <span class='ocrx_word' id='word_1_158' title='bbox 872 1481 973 1512; x_wconf 88' lang='lat' dir='ltr'>Saluti</span> 
     </span>
     <span class='ocr_line' id='line_1_31' title="bbox 144 1528 1183 1570; baseline -0.002 -9"><span class='ocrx_word' id='word_1_159' title='bbox 144 1529 175 1561; x_wconf 80' lang='lat'>5.</span> <span class='ocrx_word' id='word_1_160' title='bbox 192 1528 389 1566; x_wconf 85' lang='lat' dir='ltr'>Adhaereas‚</span> <span class='ocrx_word' id='word_1_161' title='bbox 874 1528 1018 1560; x_wconf 89' lang='lat' dir='ltr'>Omnium</span> <span class='ocrx_word' id='word_1_162' title='bbox 1043 1528 1183 1570; x_wconf 87' lang='lat' dir='ltr'>studeas,</span> 
     </span>
     <span class='ocr_line' id='line_1_32' title="bbox 190 1575 993 1614; baseline -0.001 -7"><span class='ocrx_word' id='word_1_163' title='bbox 190 1576 226 1607; x_wconf 89' lang='lat' dir='ltr'>In</span> <span class='ocrx_word' id='word_1_164' title='bbox 254 1583 312 1614; x_wconf 88' lang='lat' dir='ltr'>spe</span> <span class='ocrx_word' id='word_1_165' title='bbox 336 1577 474 1614; x_wconf 82' lang='lat' dir='ltr'>gaudeas</span> <span class='ocrx_word' id='word_1_166' title='bbox 873 1575 993 1607; x_wconf 76' lang='lat' dir='ltr'>Noxias</span> 
     </span>
     <span class='ocr_line' id='line_1_33' title="bbox 188 1621 1012 1654; baseline -0.001 0"><span class='ocrx_word' id='word_1_167' title='bbox 188 1622 232 1654; x_wconf 86' lang='lat' dir='ltr'>Et</span> <span class='ocrx_word' id='word_1_168' title='bbox 256 1622 290 1653; x_wconf 90' lang='lat' dir='ltr'>in</span> <span class='ocrx_word' id='word_1_169' title='bbox 316 1621 380 1654; x_wconf 86' lang='lat' dir='ltr'>fide</span> <span class='ocrx_word' id='word_1_170' title='bbox 873 1622 1012 1654; x_wconf 80' lang='lat' dir='ltr'>Delicias</span> 
     </span>
     <span class='ocr_line' id='line_1_34' title="bbox 187 1670 1057 1713; baseline -0.001 -11"><span class='ocrx_word' id='word_1_171' title='bbox 187 1670 277 1702; x_wconf 84' lang='lat' dir='ltr'>Intus</span> <span class='ocrx_word' id='word_1_172' title='bbox 299 1670 423 1712; x_wconf 84' lang='lat' dir='ltr'>ardeas,</span> <span class='ocrx_word' id='word_1_173' title='bbox 872 1670 1057 1713; x_wconf 84' lang='lat' dir='ltr'>Detesteris,</span> 
     </span>
     <span class='ocr_line' id='line_1_35' title="bbox 189 1716 979 1757; baseline 0 -8"><span class='ocrx_word' id='word_1_174' title='bbox 189 1716 283 1749; x_wconf 88' lang='lat' dir='ltr'>Foris</span> <span class='ocrx_word' id='word_1_175' title='bbox 308 1717 425 1756; x_wconf 59' lang='lat' dir='ltr'>luceas,</span> <span class='ocrx_word' id='word_1_176' title='bbox 802 1718 856 1751; x_wconf 82' lang='lat'>30.</span> <span class='ocrx_word' id='word_1_177' title='bbox 874 1718 979 1757; x_wconf 86' lang='lat' dir='ltr'>Opera</span> 
     </span>
     <span class='ocr_line' id='line_1_36' title="bbox 121 1764 1048 1804; baseline 0 -8"><span class='ocrx_word' id='word_1_178' title='bbox 121 1764 175 1796; x_wconf 84' lang='lat'>10.</span> <span class='ocrx_word' id='word_1_179' title='bbox 189 1764 337 1795; x_wconf 75' lang='lat' dir='ltr'>Turturjs</span> <span class='ocrx_word' id='word_1_180' title='bbox 362 1767 547 1804; x_wconf 85' lang='lat' dir='ltr'>retorqueas</span> <span class='ocrx_word' id='word_1_181' title='bbox 874 1764 1048 1797; x_wconf 81' lang='lat' dir='ltr'>Considera</span> 
     </span>
     <span class='ocr_line' id='line_1_37' title="bbox 192 1811 1251 1852; baseline 0.002 -9"><span class='ocrx_word' id='word_1_182' title='bbox 192 1811 234 1843; x_wconf 92' lang='lat' dir='ltr'>Os</span> <span class='ocrx_word' id='word_1_183' title='bbox 260 1811 301 1843; x_wconf 84' lang='lat' dir='ltr'>ad</span> <span class='ocrx_word' id='word_1_184' title='bbox 326 1811 451 1850; x_wconf 86' lang='lat' dir='ltr'>asellas,</span> <span class='ocrx_word' id='word_1_185' title='bbox 875 1813 961 1850; x_wconf 70' lang='lat' dir='ltr'>Quae</span> <span class='ocrx_word' id='word_1_186' title='bbox 985 1812 1013 1843; x_wconf 86' lang='lat' dir='ltr'>si</span> <span class='ocrx_word' id='word_1_187' title='bbox 1037 1821 1099 1844; x_wconf 83' lang='lat' dir='ltr'>non</span> <span class='ocrx_word' id='word_1_188' title='bbox 1127 1811 1251 1852; x_wconf 80' lang='lat' dir='ltr'>feceris,</span> 
     </span>
     <span class='ocr_line' id='line_1_38' title="bbox 190 1858 1094 1900; baseline 0 -11"><span class='ocrx_word' id='word_1_189' title='bbox 190 1858 315 1890; x_wconf 84' lang='lat' dir='ltr'>Docens</span> <span class='ocrx_word' id='word_1_190' title='bbox 341 1858 387 1889; x_wconf 86' lang='lat' dir='ltr'>ita</span> <span class='ocrx_word' id='word_1_191' title='bbox 874 1859 1094 1900; x_wconf 79' lang='lat' dir='ltr'>Damnaberis,</span> 
     </span>
     <span class='ocr_line' id='line_1_39' title="bbox 189 1904 1080 1944; baseline 0.001 -8"><span class='ocrx_word' id='word_1_192' title='bbox 189 1904 307 1944; x_wconf 82' lang='lat' dir='ltr'>Verbo,</span> <span class='ocrx_word' id='word_1_193' title='bbox 335 1905 410 1943; x_wconf 87' lang='lat' dir='ltr'>vita,</span> <span class='ocrx_word' id='word_1_194' title='bbox 875 1907 946 1938; x_wconf 74' lang='lat' dir='ltr'>Hac</span> <span class='ocrx_word' id='word_1_195' title='bbox 970 1907 1003 1938; x_wconf 94' lang='lat' dir='ltr'>in</span> <span class='ocrx_word' id='word_1_196' title='bbox 1029 1908 1080 1939; x_wconf 84' lang='lat' dir='ltr'>via</span> 
     </span>
     <span class='ocr_line' id='line_1_40' title="bbox 190 1954 982 1986; baseline -0.001 0"><span class='ocrx_word' id='word_1_197' title='bbox 190 1954 262 1986; x_wconf 86' lang='lat' dir='ltr'>Oris</span> <span class='ocrx_word' id='word_1_198' title='bbox 289 1961 416 1984; x_wconf 89' lang='lat' dir='ltr'>vomere</span> <span class='ocrx_word' id='word_1_199' title='bbox 804 1954 982 1986; x_wconf 80' lang='lat' dir='ltr'>35.Mi1ita</span> 
     </span>
     <span class='ocr_line' id='line_1_41' title="bbox 121 1999 1007 2033; baseline -0.001 0"><span class='ocrx_word' id='word_1_200' title='bbox 121 2001 174 2033; x_wconf 82' lang='lat'>15.</span> <span class='ocrx_word' id='word_1_201' title='bbox 189 2001 239 2032; x_wconf 90' lang='lat' dir='ltr'>De</span> <span class='ocrx_word' id='word_1_202' title='bbox 265 2000 413 2032; x_wconf 85' lang='lat' dir='ltr'>cordibus</span> <span class='ocrx_word' id='word_1_203' title='bbox 438 1999 578 2032; x_wconf 88' lang='lat' dir='ltr'>fidelium</span> <span class='ocrx_word' id='word_1_204' title='bbox 876 2000 1007 2033; x_wconf 83' lang='lat' dir='ltr'>Gratiae</span> 
     </span>
     <span class='ocr_line' id='line_1_42' title="bbox 188 2048 1084 2089; baseline 0 -9"><span class='ocrx_word' id='word_1_205' title='bbox 188 2048 319 2080; x_wconf 80' lang='lat' dir='ltr'>Evellas</span> <span class='ocrx_word' id='word_1_206' title='bbox 344 2048 465 2089; x_wconf 87' lang='lat' dir='ltr'>lolium,</span> <span class='ocrx_word' id='word_1_207' title='bbox 874 2048 917 2080; x_wconf 80' lang='lat' dir='ltr'>Et</span> <span class='ocrx_word' id='word_1_208' title='bbox 941 2049 1084 2088; x_wconf 81' lang='lat' dir='ltr'>praemia</span> 
     </span>
     <span class='ocr_line' id='line_1_43' title="bbox 189 2095 988 2136; baseline 0 -9"><span class='ocrx_word' id='word_1_209' title='bbox 189 2095 307 2128; x_wconf 87' lang='lat' dir='ltr'>Lilium</span> <span class='ocrx_word' id='word_1_210' title='bbox 877 2095 988 2136; x_wconf 86' lang='lat' dir='ltr'>Cogita</span> 
     </span>
     <span class='ocr_line' id='line_1_44' title="bbox 189 2142 1014 2182; baseline -0.002 -6"><span class='ocrx_word' id='word_1_211' title='bbox 189 2144 300 2176; x_wconf 87' lang='lat' dir='ltr'>Insere</span> <span class='ocrx_word' id='word_1_212' title='bbox 878 2142 1014 2182; x_wconf 85' lang='lat' dir='ltr'>Patriae,</span> 
     </span>
     <span class='ocr_line' id='line_1_45' title="bbox 190 2190 1099 2230; baseline -0.002 -7"><span class='ocrx_word' id='word_1_213' title='bbox 190 2191 306 2230; x_wconf 85' lang='lat' dir='ltr'>Rosae,</span> <span class='ocrx_word' id='word_1_214' title='bbox 805 2190 917 2223; x_wconf 84' lang='lat' dir='ltr'>40.Et</span> <span class='ocrx_word' id='word_1_215' title='bbox 941 2191 989 2222; x_wconf 83' lang='lat' dir='ltr'>sic</span> <span class='ocrx_word' id='word_1_216' title='bbox 1013 2194 1099 2222; x_wconf 88' lang='lat' dir='ltr'>tuum</span> 
     </span>
     <span class='ocr_line' id='line_1_46' title="bbox 119 2238 1207 2278; baseline -0.002 -7"><span class='ocrx_word' id='word_1_217' title='bbox 119 2240 174 2272; x_wconf 87' lang='lat'>20.</span> <span class='ocrx_word' id='word_1_218' title='bbox 192 2240 238 2273; x_wconf 82' lang='lat' dir='ltr'>Ut</span> <span class='ocrx_word' id='word_1_219' title='bbox 262 2239 360 2270; x_wconf 86' lang='lat' dir='ltr'>alium</span> <span class='ocrx_word' id='word_1_220' title='bbox 876 2238 937 2271; x_wconf 88' lang='lat' dir='ltr'>Cor</span> <span class='ocrx_word' id='word_1_221' title='bbox 961 2239 994 2270; x_wconf 96' lang='lat' dir='ltr'>in</span> <span class='ocrx_word' id='word_1_222' title='bbox 1019 2242 1207 2278; x_wconf 81' lang='lat' dir='ltr'>perpetuum</span> 
     </span>
     <span class='ocr_line' id='line_1_47' title="bbox 188 2285 1047 2326; baseline 0 -7"><span class='ocrx_word' id='word_1_223' title='bbox 188 2287 251 2319; x_wconf 92' lang='lat' dir='ltr'>Per</span> <span class='ocrx_word' id='word_1_224' title='bbox 276 2286 336 2318; x_wconf 86' lang='lat' dir='ltr'>hoe</span> <span class='ocrx_word' id='word_1_225' title='bbox 362 2286 525 2326; x_wconf 87' lang='lat' dir='ltr'>corripere</span> <span class='ocrx_word' id='word_1_226' title='bbox 876 2285 1047 2319; x_wconf 87' lang='lat' dir='ltr'>Gaudebit.</span> 
     </span>
    </p>
   </div>
   <div class='ocr_carea' id='block_1_6' title="bbox 118 2338 1428 2417">
    <p class='ocr_par' dir='ltr' id='par_1_17' title="bbox 118 2338 1428 2417">
     <span class='ocr_line' id='line_1_48' title="bbox 194 2338 1428 2372; baseline 0 -1"><span class='ocrx_word' id='word_1_227' title='bbox 194 2343 277 2372; x_wconf 70' lang='lat' dir='ltr'>Cant.</span> <span class='ocrx_word' id='word_1_228' title='bbox 299 2351 352 2370; x_wconf 90' lang='lat' dir='ltr'>ms.</span> <span class='ocrx_word' id='word_1_229' title='bbox 371 2343 453 2370; x_wconf 79' lang='lat' dir='ltr'>Petri</span> <span class='ocrx_word' id='word_1_230' title='bbox 474 2342 510 2369; x_wconf 85' lang='lat' dir='ltr'>de</span> <span class='ocrx_word' id='word_1_231' title='bbox 530 2341 655 2368; x_wconf 82' lang='lat' dir='ltr'>Medicis</span> <span class='ocrx_word' id='word_1_232' title='bbox 677 2350 752 2369; x_wconf 86' lang='lat' dir='ltr'>saec.</span> <span class='ocrx_word' id='word_1_233' title='bbox 775 2338 819 2370; x_wconf 79' lang='lat'>13.</span> <span class='ocrx_word' id='word_1_234' title='bbox 858 2341 926 2369; x_wconf 85' lang='lat' dir='ltr'>Cod.</span> <span class='ocrx_word' id='word_1_235' title='bbox 945 2342 1128 2370; x_wconf 83' lang='lat' dir='ltr'>Laurentian</span> <span class='ocrx_word' id='word_1_236' title='bbox 1158 2343 1201 2369; x_wconf 87' lang='lat' dir='ltr'>Pl.</span> <span class='ocrx_word' id='word_1_237' title='bbox 1221 2341 1266 2371; x_wconf 77' lang='lat'>29.</span> <span class='ocrx_word' id='word_1_238' title='bbox 1290 2343 1314 2371; x_wconf 83' lang='lat'>1.</span> <span class='ocrx_word' id='word_1_239' title='bbox 1336 2343 1370 2371; x_wconf 77' lang='lat' dir='ltr'>A.</span> <span class='ocrx_word' id='word_1_240' title='bbox 1390 2360 1428 2364; x_wconf 85' lang='grc'>-</span> 
     </span>
     <span class='ocr_line' id='line_1_49' title="bbox 118 2377 1304 2417; baseline -0.002 -7"><span class='ocrx_word' id='word_1_241' title='bbox 118 2382 200 2410; x_wconf 84' lang='lat' dir='ltr'>Cant.</span> <span class='ocrx_word' id='word_1_242' title='bbox 221 2390 275 2410; x_wconf 82' lang='lat' dir='ltr'>ms.</span> <span class='ocrx_word' id='word_1_243' title='bbox 295 2381 472 2410; x_wconf 79' lang='lat' dir='ltr'>Toletanum</span> <span class='ocrx_word' id='word_1_244' title='bbox 492 2388 568 2409; x_wconf 82' lang='lat' dir='ltr'>saec.</span> <span class='ocrx_word' id='word_1_245' title='bbox 592 2377 634 2407; x_wconf 85' lang='lat'>13.</span> <span class='ocrx_word' id='word_1_246' title='bbox 673 2380 742 2408; x_wconf 79' lang='lat' dir='ltr'>God.</span> <span class='ocrx_word' id='word_1_247' title='bbox 763 2381 912 2408; x_wconf 79' lang='lat' dir='ltr'>Matriten.</span> <span class='ocrx_word' id='word_1_248' title='bbox 927 2381 1022 2408; x_wconf 87' lang='lat' dir='ltr'>Tolet.</span> <span class='ocrx_word' id='word_1_249' title='bbox 1043 2377 1098 2409; x_wconf 81' lang='lat'>930</span> <span class='ocrx_word' id='word_1_250' title='bbox 1118 2378 1165 2413; x_wconf 84' lang='lat'>(33</span> <span class='ocrx_word' id='word_1_251' title='bbox 1175 2379 1252 2417; x_wconf 77' lang='lat'>-23)</span> <span class='ocrx_word' id='word_1_252' title='bbox 1271 2383 1304 2410; x_wconf 88' lang='lat' dir='ltr'>B.</span> 
     </span>
    </p>
   </div>
  </div>
 </body>
</html>
