1653 2564
684 77 940 111 -170—

194 195 202 203 .
229 171 354 210 Sponsa
376 171 453 202 mihi
477 170 596 210 placuit

275 217 459 249 Alienarum

227 264 273 295 Et
294 265 398 296 amavi
422 263 575 303 virginem

274 310 525 350 Pliilistiuarum,

228 356 347 391 Favum
373 357 452 388 mihi
475 356 618 388 reddidit

262 404 334 436 Rex
357 404 541 444 bestiarum,

227 451 324 484 Junxi
351 450 467 482 caudas
492 450 632 490 vulpium

273 497 345 537 plus
371 506 463 538 quam
485 500 710 537 trecentarum,

226 544 389 583 Dissipavi
413 544 560 584 palmites

271 594 319 624 tot
343 592 506 624 vinearum

228 638 273 670 Et
297 638 453 670 combussi
477 641 598 678 segetes

274 686 493 725 agricolarum.

194 767 201 775 .
230 742 322 774 Mille
345 742 417 782 rupi
442 742 577 781 vincula,

225 790 364 829 Propter
387 793 429 829 te,
452 789 631 828 juvencula,

226 835 305 868 Feci
328 839 378 868 tot
400 836 562 879 miracula,

272 885 348 916 Post
377 884 411 915 in
435 883 607 915 solitudine

274 930 372 963 Gravi
396 928 584 962 fortitudine

274 977 393 1018 Magna
416 977 620 1010 multitudine

226 1024 404 1063 Constipati
430 1025 568 1064 veniunt,

225 1072 347 1111 Capere
367 1079 419 1102 me
443 1071 582 1112 cupiunt,

226 1118 324 1150 Pauci
347 1119 401 1150 vix
427 1118 587 1159 effugiunt.

272 1165 458 1197 circumdor
486 1164 525 1197 ab
551 1164 693 1197 hostibus

269 1212 315 1243 Et
338 1212 433 1244 armis
459 1215 491 1243 et
508 1210 656 1250 fustibus,

270 1259 398 1291 Instant
419 1260 494 1290 totis
519 1259 650 1297 viribus,

273 1305 364 1338 Solus
390 1315 446 1345 ego
471 1306 591 1338 viribus

271 1353 498 1385 Praevalebam
524 1354 674 1385 millibus.

191 1436 197 1442 .
223 1409 316 1440 Mille
339 1409 425 1441 viros
449 1409 602 1442 mort-ibus

271 1457 310 1488 In
333 1456 454 1494 proelio

222 1503 305 1535 Meis
331 1503 406 1535 dedi
429 1503 574 1536 manibus

270 1550 316 1582 Et
338 1550 455 1591 gladio,

223 1596 316 1628 Mille
340 1597 424 1629 viros
449 1598 603 1630 mortibus

270 1644 461 1676 Mandibula

227 1690 303 1722 Tuis
329 1691 404 1723 dedi
428 1692 594 1735 morsibus,

274 1738 428 1770 Asellula.

193 1819 201 1828 .
227 1794 315 1826 Vach
339 1794 396 1826 tibi
421 1794 592 1827 Philistiim

226 1841 291 1873 Sub
315 1841 443 1874 tributis
467 1842 663 1886 Nephtalim,

273 1888 330 1921 Cui
354 1889 401 1920 sic
424 1889 579 1929 allophyli

271 1936 471 1975 Reputantur
501 1937 604 1979 nihili,

226 1982 400 2022 optimates
424 1983 539 2016 Ismael

226 2030 411 2062 Servierunt
433 2031 545 2065 Israel.

193 2112 201 2120 .
226 2086 347 2119 Urbem
372 2087 578 2127 vallaverant,

227 2133 283 2165 Me
307 2135 396 2174 quasi
418 2134 571 2176 vicerant,

273 2181 436 2224 Fidenter,

230 2227 332 2259 Nocte
356 2229 493 2261 diluculo

228 2273 358 2307 Sum-exi
384 2277 526 2308 clanculo

273 2322 420 2355 Silenter.

877 172 908 203 8.
921 171 1000 202 Post
1027 171 1133 210 amavi
1156 172 1317 212 Dalidam,

923 216 1086 257 Virginem
1110 218 1365 257 pulcherrimam,

922 263 1063 303 Corpore
1090 263 1302 305 Juvenculam,

919 309 1103 342 Fraudibus
1127 310 1337 350 vulpeculam.

922 357 1000 389 Cum
1023 357 1139 389 libaret
1161 357 1319 397 poculum,

920 404 1109 443 Porrigebat
1128 405 1269 436 osculum

921 450 1068 482 Serviens
1100 451 1142 483 ad
1167 451 1301 495 oculum,

920 497 1098 530 Seducebat
1120 499 1282 538 populum.

1031 593 1160 625 Dalida
1185 593 1283 626 dixit:

874 671 905 703 9.
918 668 980 700 Dic
1003 669 1092 709 mihi,
1123 668 1299 709 bacissime,

919 716 1085 748 Victorum
1107 714 1290 759 fortissime,

919 763 984 796 Ubi
1009 764 1110 803 polles
1134 763 1255 795 viribus

915 811 1000 842 Prae
1023 810 1144 842 cunctis
1167 811 1354 843 mortalibus
1364 811 1380 841 ’.Ἀ

917 857 982 890 Ubi
1006 857 1089 890 vires
1115 857 1266 898 corporis,

916 904 982 936 Ubi
1006 904 1103 936 robur
1126 905 1265 944 pectoris
1275 905 1290 935 ’.Δ

917 952 1033 984 Utrum
1059 952 1133 984 divo
1157 951 1285 983 numine

916 999 1085 1031 Praevales
1110 1008 1151 1031 an
1177 997 1339 1031 carmine?

847 1060 901 1094 10.
916 1059 951 1092 Si
974 1060 1099 1092 nerveis
1123 1058 1260 1091 fustibus

917 1106 1047 1139 Vinciar
1071 1110 1125 1138 aut
1152 1106 1289 1138 restibus

914 1153 1144 1193 Circumplexis
1169 1154 1307 1185 crinibus

962 1201 1039 1233 Cum
1061 1201 1167 1243 linteo,

915 1246 979 1280 Par
1004 1256 1057 1280 ero
1079 1248 1274 1288 mortalibus,

961 1294 1015 1327 Sic
1038 1295 1098 1327 aio.

847 1356 902 1389 11.
917 1356 1076 1396 Quidquid
1106 1356 1170 1396 egit
1191 1355 1325 1399 perfida,

915 1403 1064 1443 Temptat
1086 1405 1157 1435 arte
1182 1403 1306 1447 callida,

916 1447 981 1482 Sed
1006 1452 1192 1489 rumpuntur
1215 1451 1320 1489 laquei

916 1496 1010 1534 Quasi
1039 1495 1130 1528 funes
1155 1497 1291 1536 stuppei.

915 1544 1066 1576 Feminae
1090 1546 1139 1575 ter
1161 1543 1274 1586 restiti,

916 1590 1057 1622 Tandem
1081 1591 1181 1622 victus
1206 1591 1323 1631 exstiti,

915 1636 974 1675 Qui
1001 1637 1166 1669 vincebam
1190 1638 1303 1676 omnia,

916 1685 1025 1717 Victus
1053 1694 1121 1716 sum
1144 1693 1165 1716 a
1188 1683 1315 1718 femina.

846 1747 900 1779 12.
916 1746 1001 1779 Proh
1027 1745 1127 1786 dolor,
1151 1746 1233 1784 proh
1259 1747 1359 1787 dolor,

915 1792 1055 1833 Detegor
1077 1794 1248 1826 miraculo:

916 1840 1021 1880 Prope
1042 1841 1123 1872 rasis
1147 1841 1287 1873 crinibus

962 1887 1106 1931 Rasorio,

915 1935 979 1968 Par
1003 1943 1056 1967 ero
1082 1935 1268 1968 mortalibus

963 1982 1108 2016 Calvitio.

846 2045 901 2078 13.
914 2044 1095 2084 Voluptatis
1119 2046 1260 2085 praemio

914 2091 1096 2124 Meretricis
1121 2094 1239 2133 gremio

915 2137 987 2171 Jam
1010 2139 1158 2179 privatim
1186 2141 1320 2182 dormio,

915 2186 977 2218 llla
1003 2187 1137 2218 mordax
1160 2187 1280 2228 vipera,

911 2232 1005 2271 Agna
1028 2233 1116 2273 prius
1142 2236 1261 2274 tenera,

914 2279 1039 2311 Furtim
1063 2282 1150 2320 rapit
1172 2280 1298 2313 forfices

915 2325 960 2357 Et
984 2327 1141 2360 clamabat
1163 2329 1342 2368 principes:
