1653 2564
759 106 1015 141 —106-

726 201 763 232 ln
788 200 897 233 mundi
922 201 1046 232 sentina

725 247 816 279 Haec
838 256 859 279 a
881 256 953 278 mea
973 248 1067 279 ruina

772 294 904 326 Sensum
928 294 1070 335 propulit

725 341 922 373 Delictorum
945 341 1028 381 ignis

771 388 876 420 Solem
901 388 1007 421 oculit.

304 472 372 500 eod.
394 470 423 498 S.
443 471 581 499 Floriani.
602 471 646 498 XI
665 468 711 498 35.
744 479 820 499 saec.
842 469 886 499 13.

832 619 925 650 157.

231 719 262 751 1.
288 718 428 750 Nitimur
451 718 484 749 in
509 718 641 749 vetitum
908 719 938 750 3.
966 717 1044 749 Sera
1067 718 1260 756 parsimonia

331 765 376 797 Et
398 768 513 805 negata
537 765 689 804 cupimus,
1010 764 1073 796 Est
1095 765 1128 796 in
1153 764 1251 797 fundo
1276 765 1384 807 loculi,

290 812 392 844 Carne
417 817 526 844 contra
550 812 695 851 spiritum
965 812 1043 844 Sera
1065 813 1269 851 poenitentia,

333 858 489 891 Luctante
513 858 752 900 succumbimus,
1012 859 1089 892 Cum
1115 860 1304 891 clauduntur
1328 860 1420 899 oculi,

285 906 436 938 Redimus
457 906 498 937 ad
520 906 670 937 vomitum
964 906 1051 937 Talis
1077 908 1125 937 est
1148 909 1185 938 ut
1208 907 1287 938 vitia

331 952 375 984 Et
398 954 483 985 retro
509 953 704 992 respicimus,
1008 953 1153 985 Fatentis
1178 954 1360 993 latrunculi,

285 999 373 1039 Quod
399 1002 466 1031 erat
492 1000 653 1039 abolitum,
964 999 1041 1032 Cum
1065 1000 1186 1032 instant
1209 1001 1369 1040 stipendia

331 1046 428 1078 Libro
453 1047 563 1078 mortis
588 1046 764 1085 scribimuS,
1007 1047 1134 1079 Timore
1158 1047 1304 1090 patibuli,

284 1094 322 1126 In
347 1093 487 1132 pejorem
513 1094 630 1125 exitum
962 1094 1091 1132 Quaerit
1115 1095 1197 1126 male
1222 1095 1348 1127 conscia

329 1140 431 1172 Error
456 1143 504 1173 est
528 1141 725 1173 novissimus.
1006 1141 1100 1173 Mens
1124 1141 1229 1182 fugam
1253 1142 1388 1174 latibuli.

226 1218 257 1249 2.
283 1217 342 1256 Qui
367 1216 490 1257 plangit
515 1225 573 1248 nec
598 1216 715 1248 deserit
903 1218 935 1249 4.
962 1216 1108 1256 Virgines
1132 1217 1297 1249 introitum

330 1262 447 1302 Majori
472 1272 506 1295 se
530 1263 667 1303 subjicit,
1007 1263 1084 1295 Sero
1109 1266 1264 1303 quaerunt
1288 1263 1404 1303 fatuae,

285 1311 333 1343 Ut
356 1310 419 1349 qui,
446 1310 530 1350 quod
552 1310 742 1350 promiserit,
961 1310 1157 1343 Clauduntnr
1181 1314 1254 1350 post
1276 1311 1436 1351 perditum

330 1357 370 1389 In
392 1357 543 1389 solvendo
570 1356 687 1399 deficit,
1007 1357 1131 1397 Equum
1156 1367 1227 1390 sero
1248 1358 1373 1401 januae,

285 1404 331 1436 Ut
354 1404 406 1443 qui
430 1405 556 1442 plantas
578 1404 700 1444 inserit,
959 1404 1105 1436 Festines
1130 1405 1172 1437 ad
1197 1406 1324 1445 exitum,

331 1449 539 1482 Transferens
564 1451 609 1482 nil
633 1450 769 1491 proficit,
1010 1451 1193 1483 Praeveniri
1216 1454 1330 1494 metue,

285 1497 347 1538 Sic,
372 1498 425 1537 qui
448 1500 553 1529 mente
578 1498 713 1530 conterit
961 1499 999 1530 In
1022 1496 1147 1530 inferno
1171 1499 1309 1538 positum

331 1545 376 1577 Et
398 1546 585 1584 promissum
610 1545 730 1587 amicit,
1008 1545 1181 1584 Tamquam
1205 1554 1279 1577 oves
1302 1553 1438 1585 pascuae

287 1592 332 1624 Ut
355 1594 467 1632 mater,
493 1601 572 1632 quae
591 1593 726 1632 peperit,
962 1592 1086 1623 Tritum
1111 1595 1143 1624 et
1167 1593 1377 1624 commolitum

329 1639 372 1671 Et
398 1643 523 1678 partum
548 1638 707 1673 interficit.
1007 1638 1096 1671 Mors
1120 1642 1232 1680 pascet
1255 1640 1391 1671 assidue.

612 1716 643 1747 5.
668 1713 749 1753 Quid
776 1722 859 1753 ergo,
883 1713 1067 1753 miserrime,

715 1760 797 1799 Quid
823 1760 918 1802 dices,
945 1760 1021 1800 quid
1045 1758 1153 1801 facies,

669 1808 831 1846 Censetur,
859 1816 927 1839 cum
952 1807 1062 1838 ultime

717 1854 846 1886 Venerit
867 1855 924 1886 illa
950 1855 1027 1894 dies,

672 1902 749 1935 Cum
773 1902 931 1941 paschalis
956 1902 1103 1933 victimae

716 1949 856 1981 Vulnera
880 1949 1072 1989 conspicies,

670 1997 760 2028 Tunc
782 1997 892 2028 inanes
916 1997 1075 2035 lacrimae,

717 2045 808 2076 Tune
831 2044 910 2075 nihil
934 2043 1091 2083 proficies,

671 2092 837 2124 Passiones
862 2091 985 2123 animae

716 2139 844 2180 Foetor,
867 2138 958 2178 ignis,
985 2138 1111 2178 glacies.

307 2221 375 2249 Cod.
399 2220 562 2250 Londinen.
587 2222 717 2257 Egerton
741 2220 805 2249 274.
841 2230 915 2249 saec.
937 2220 981 2250 13.
1001 2222 1035 2249 A.
1066 2236 1098 2241 -
1124 2223 1207 2251 Cant.
1232 2232 1284 2250 ms.
1306 2223 1387 2249 Petri
1411 2222 1447 2249 de
1466 2223 1526 2250 Me-

230 2260 303 2287 dicis
335 2268 410 2287 saec.
442 2258 486 2288 13.
520 2260 588 2287 Cod.
615 2260 804 2287 Laurentian.
833 2260 876 2287 Pl.
902 2258 947 2287 29.
978 2258 1001 2286 1.
1031 2260 1065 2286 B.
1094 2274 1132 2279 -—-
1160 2261 1184 2288 Β
1213 2261 1265 2287 hat
1292 2269 1347 2286 mu·
1376 2258 1423 2286 die
1451 2264 1526 2287 erste

229 2297 361 2332 Strophe.
381 2312 418 2316 —
435 2294 460 2331 2,
475 2295 493 2325 3
514 2297 587 2324 fehlt
605 2298 670 2324 eine
684 2297 773 2330 Silbe,
794 2298 871 2333 quod
891 2298 1016 2333 erg'alnzt.
1040 2312 1077 2317 —-
1095 2296 1124 2331 4,
1145 2298 1163 2325 7
1181 2299 1217 2325 In
1234 2298 1347 2325 infemo
1362 2296 1526 2332 depositum

227 2336 268 2368 A3
289 2335 344 2361 lies
363 2336 419 2362 wie
439 2336 521 2369 oben,
543 2335 612 2362 oder
629 2335 746 2362 Inferno
761 2335 932 2370 depositum,
954 2335 1023 2362 oder
1035 2337 1064 2362 te
1077 2337 1223 2370 positum?
1237 2350 1274 2354 -—
1286 2336 1313 2362 A
1325 2335 1527 2363 fiberschreibt

228 2372 280 2398 (las
300 2372 374 2399 Lied
394 2373 439 2400 De
458 2373 691 2408 Beprehensione
710 2372 846 2400 hominis.
866 2389 903 2392 —
922 2373 1072 2400 Verfasser
1090 2372 1245 2409 Philippus
1265 2373 1301 2399 de
1320 2372 1438 2400 Grevia.
