1653 2564
704 124 935 155 -44—

566 217 598 248 3.
623 215 765 247 Laudem
790 215 858 246 Deo
884 217 998 257 canite,

621 262 705 302 Reyt
720 271 820 303 passo
839 262 981 303 psallite,

621 308 795 341 Libertatis
819 309 966 348 perditae

673 356 732 394 Qui
757 356 840 388 viam
865 356 929 387 suis
953 359 1084 398 reserat,

622 402 703 442 Regi
724 411 819 443 passo
844 403 981 445 psallite,

670 450 785 481 Passus
811 449 889 480 vicit
912 453 944 481 et
968 450 1115 489 imperat.

247 514 329 541 Cant.
350 523 402 541 mr..
422 515 501 541 Petri
523 514 558 540 de
577 514 699 541 Medicis
720 522 796 542 saec.
819 511 863 541 13.
897 514 967 541 Cod.
988 514 1175 541 Laurentian.
1196 513 1240 540 Pl.
1261 512 1306 540 29.
1329 512 1354 540 1.

173 665 202 698 1.
225 664 381 696 Fidelium
856 667 887 699 3.
916 666 1076 698 Posterior

277 715 367 743 sonet
391 721 451 744 vox
475 711 591 752 sobria,
959 713 1086 745 dotatur
1109 712 1185 754 filia,

231 757 312 790 Com
320 762 425 798 ertere,
912 759 1108 801 Convertere,

273 805 364 845 Sion,
388 806 425 837 ‘in
447 806 582 846 gandia,
955 806 1046 845 Sion,
1072 807 1110 839 in
1132 806 1265 849 gaudia,

228 852 278 885 Sit
303 853 449 884 omnium
910 853 961 886 Sit
984 854 1131 886 omnium

274 908 344 930 una
368 899 502 939 laetitia,
954 910 1026 932 τινα
1048 900 1181 942 laetitia,

234 946 316 984 Quos
338 947 440 986 unica,
911 947 1018 979 Habet
1040 948 1142 979 minor

279 994 414 1025 redemit
437 993 549 1034 gratia,
957 995 1109 1033 majorum
1133 993 1285 1033 praemia,

234 1041 433 1082 Convertere,
910 1042 989 1080 Quia
1013 1041 1112 1073 Jacob

282 1086 366 1130 Sion,
392 1087 423 1118 in
450 1087 574 1127 gaudia,
960 1088 1113 1119 cancellat
1139 1087 1280 1126 brachia,

234 1134 276 1164 Te
299 1133 417 1165 liberat
913 1134 959 1165 To
984 1134 1100 1166 liberat

278 1180 436 1219 paschalis
461 1180 574 1214 hostia.
957 1182 1115 1220 paschalis
1140 1180 1253 1213 hostia.

174 1238 205 1270 2.
232 1237 417 1276 Accingitur
853 1238 884 1269 4.
912 1237 955 1269 Ut
981 1238 1106 1268 nuntiet

279 1283 423 1316 Christus
447 1283 490 1315 ad
514 1284 647 1323 proelia,
959 1283 1041 1315 festa
1065 1282 1236 1324 paschalia,

234 1330 428 1373 Convertere,
914 1330 1110 1371 Convertere,

275 1377 366 1416 Sion,
392 1378 430 1409 in
450 1377 584 1418 yaudia,
957 1378 1049 1418 Sion,
1074 1378 1112 1409 in
1134 1376 1269 1417 yaudz'a,

230 1423 281 1456 Sit
305 1425 451 1456 omnium
908 1424 959 1457 Sit
990 1425 1136 1456 omnium

274 1480 345 1502 una
368 1470 501 1514 laetitia,
954 1480 1024 1503 una
1047 1470 1181 1509 taetitia,

229 1517 368 1549 Hostilia
908 1518 1070 1557 Apostolis

266 1563 421 1605 confregit
445 1563 536 1603 ostia,
956 1565 1094 1596 occurrit
1117 1564 1237 1601 nuntia,

228 1611 312 1643 Dum
336 1612 468 1651 pallium
907 1612 1061 1651 Angelica

276 1661 364 1690 tenet
391 1657 561 1699 Aegyptia,
956 1657 1020 1690 fert
1042 1658 1241 1697 testimonia3

227 1705 273 1736 Te
297 1706 413 1737 liberat
910 1705 958 1737 Te
980 1705 1098 1738 liberat

275 1753 433 1792 paschalis
458 1751 569 1784 hostia.
954 1753 1112 1792 paschalis
1136 1751 1249 1784 hostia.

626 1809 657 1840 5.
685 1809 746 1840 Pro
768 1808 827 1840 filii

726 1864 847 1887 summa
871 1855 1014 1896 victoria,

682 1902 877 1943 Convertere,

727 1950 808 1983 Sion
832 1949 870 1981 ‘in
891 1951 1024 1994 glaudio,

682 1997 733 2030 Sic
757 1997 903 2030 omnium

728 2054 799 2077 una
822 2044 956 2087 laetitia,

683 2092 751 2124 Deo
775 2092 859 2132 patri

728 2140 771 2171 sit
792 2139 861 2170 laus
890 2141 922 2170 et
945 2140 1055 2179 gloria,

680 2186 739 2225 Qui
763 2186 890 2218 saecula

730 2235 841 2272 regnat
863 2241 923 2272 per
947 2233 1068 2273 omnia3

681 2279 729 2310 Te
750 2280 870 2311 liberat

727 2325 886 2365 paschalis
910 2326 1024 2358 hostia.

251 2391 331 2419 Cant.
352 2401 404 2419 ms.
424 2390 503 2420 Petri
525 2391 561 2418 tle
580 2391 702 2418 Medicis
722 2399 797 2418 saec.
819 2388 863 2418 13.
897 2391 966 2419 Ood.
985 2392 1174 2418 Laui-entiam.
1193 2389 1239 2416 Pl.
1259 2387 1304 2417 29.
1328 2390 1353 2418 1.
