1653 2564
212 1298 230 1328 CH

735 96 991 130 —118—

821 224 914 253 1¹⁷1.

686 307 728 338 De
749 306 857 346 Pugna
876 306 1040 337 Vitiorum.

242 423 249 429 .
276 396 363 428 Vitia
386 395 555 429 virtutibus

276 443 376 475 Obvia
401 452 470 475 cum
494 442 637 474 omnibus

320 490 490 529 Dimicant,

367 537 537 578 Implicant
561 545 595 568 se
619 536 714 568 varie.

273 621 393 653 Ictibus
418 630 455 654 ac
479 621 575 653 variis

273 669 406 700 Actibus
437 669 602 700 contrariis

323 716 506 754 Vulnerant‚

367 762 524 803 Superant
547 762 580 794 in
605 764 681 796 acie.

240 872 246 879 .
275 847 401 887 Capulis
427 848 620 888 concutiunt,

274 894 415 926 Vinculis
442 895 651 937 compedium,

321 942 472 980 StimuliS,

367 988 486 1022 Jaculis
512 987 704 1023 confodiunt.

273 1074 329 1105 Ira.
351 1076 383 1104 et
406 1072 582 1112 phylargia,

272 1120 368 1152 Livor
393 1124 423 1151 et
447 1120 561 1160 acidia,

320 1166 439 1201 Gloria.

365 1213 448 1245 Gula
474 1222 542 1244 cum
566 1214 701 1247 luxuria.

236 1322 243 1328 .
271 1299 398 1330 Intonat
421 1298 580 1338 superbia,

270 1345 404 1385 Ingemit
428 1345 559 1386 invidia,

319 1392 400 1424 Odia

360 1439 471 1472 Movet
492 1439 666 1472 iracundia.

234 1547 242 1554 .
268 1524 386 1563 Turget
416 1524 642 1564 castrimargia,

267 1571 415 1610 Inquinat,
437 1571 571 1613 luxuria,

317 1617 439 1650 Taedia

361 1664 483 1704 Ingerit
506 1664 619 1697 acidia.

233 1774 240 1781 .
265 1748 355 1780 Haec
377 1749 542 1789 praedicta
565 1750 643 1782 vitia

264 1795 415 1828 Excitant
444 1796 486 1828 ad
510 1797 641 1836 proelia,

311 1842 431 1885 Gloria,

359 1890 431 1923 Duo
456 1893 529 1922 sunt
551 1892 718 1931 principi&

231 2001 237 2006 .
263 1975 334 2006 Duo
359 1979 433 2007 sunt
455 1976 623 2016 principia,

264 2022 309 2053 Et
333 2031 372 2054 ex
397 2024 442 2055 eis
467 2023 571 2055 omnia

309 2070 384 2100 Alia

359 2116 509 2148 Oriuntur
534 2116 621 2149 vitia.

232 2224 237 2231 .
265 2200 419 2232 Mammas
443 2201 566 2232 nudant
585 2201 709 2243 lamiae,

266 2246 384 2278 Coeunt
408 2248 442 2279 in
466 2247 535 2278 acie

310 2293 437 2335 Furiae,

357 2342 556 2382 Fugiuntque
581 2341 711 2381 gratiae.

894 394 947 426 10.

893 619 947 652 11.

892 846 945 878 12.

891 1072 945 1104 13.

888 1298 942 1330 14.

890 1522 944 1555 15.

885 1749 938 1781 16.

884 1975 937 2008 17.

883 2201 936 2234 18.

974 393 1069 425 Fidei
1093 394 1268 435 sinceritas,

974 439 1050 480 Spei
1074 441 1314 483 magnanimitas

1021 487 1152 531 Cecidit,

1068 535 1200 567 Excidit
1224 537 1257 566 et
1282 535 1408 569 caritas,

974 619 1101 652 Puritas
1127 619 1310 659 munditiae,

972 665 1102 698 Bonitas
1129 667 1315 699 clementiae

1020 714 1189 758 Vapulant,

1065 761 1224 793 Exsulant
1243 761 1394 801 J'ustitiae.

972 845 1118 878 Pravitas
1143 847 1324 887 spurcitiae,

972 891 1111 924 Falsitas
1137 893 1292 933 perfidiae

1018 940 1198 982 Stimulant,

1063 987 1227 1019 Pullulant
1250 987 1395 1028 injuriae,

970 1071 1108 1104 Humilis
1133 1072 1330 1112 simplicitas,

971 1118 1100 1150 Stabilis
1124 1118 1262 1152 fidelitas

1013 1165 1157 1208 Deperit,

1060 1214 1177 1245 Interit,
1199 1213 1374 1254 frugalitas.

968 1297 1096 1330 Perfida
1120 1300 1318 1342 supplicitaS,

968 1345 1082 1377 Invida
1105 1347 1284 1386 malignitas

1016 1392 1134 1433 Oritur,

1061 1439 1200 1472 Moritur
1222 1440 1408 1480 benignitas.

971 1521 1131 1554 Sobrietas
1156 1524 1303 1563 vincitur,

967 1570 1093 1601 Poculis
1117 1571 1325 1613 immergitur,

1014 1615 1138 1659 Epulis,

1061 1664 1208 1704 Grapulis
1232 1666 1386 1698 obruitur.

965 1748 1074 1780 Timor
1098 1752 1130 1780 et
1153 1751 1294 1792 scientia,

966 1796 1058 1828 Dona
1082 1797 1143 1828 sibi
1167 1799 1262 1838 socia,

1012 1842 1098 1874 Vitia

1058 1890 1199 1931 Fugiunt
1223 1892 1391 1924 contraria.

964 1974 1070 2007 Pietas
1096 1976 1239 2008 exsilium

964 2022 1058 2062 Petit,
1084 2031 1143 2054 nec
1168 2023 1332 2055 consilium

1009 2068 1145 2113 Sufficit,

1056 2115 1175 2148 Deficit
1197 2116 1357 2149 auxilium.

963 2201 1086 2233 Bonum
1106 2200 1302 2234 fortitudinis

963 2247 1108 2286 Quatitur
1133 2258 1153 2280 a
1175 2248 1338 2288 machina,

1008 2294 1171 2336 Laeditur,

1055 2342 1226 2374 Perimitur
1250 2341 1392 2376 sarcinis.
