1653 2564
205 215 236 246 3.
263 213 347 245 Dum
372 214 480 255 effugis

310 259 477 292 fecundam
502 263 732 299 paupertatem,

266 309 346 340 Prae
371 306 485 338 ceteris

265 354 369 386 Ditari
393 353 516 393 niteris,

263 400 327 432 Sed
351 400 468 432 laberis

311 448 349 479 ln
374 456 526 479 summam
548 449 731 486 egestatem,

264 494 341 527 Cum
366 495 478 535 opibus

307 543 407 574 mavis
432 541 585 579 diffluere,

265 589 363 627 Quam
388 588 522 621 modicis

310 636 441 668 honeste
466 635 582 676 vivere,

265 683 355 722 Quod
380 682 560 723 quaestibus

313 729 415 762 foedis
441 728 578 769 efficere,

267 777 351 809 Dum
374 777 492 816 satagis

312 834 420 856 amans
447 823 624 855 distrahere

265 872 323 903 Vel
347 874 511 903 autumans

311 919 371 950 tibi
394 917 552 951 sufficere.

832 118 965 152 98-—

883 214 915 245 4.
940 212 1001 244 His
1025 213 1162 244 moriens

992 259 1118 291 Christo
1143 259 1200 289 sed
1224 259 1306 290 vivis
1331 259 1460 298 mundo,

943 305 1017 337 Non
1040 304 1180 345 proficis,

943 352 1007 384 Sed
1033 351 1152 391 deficis,

944 399 1002 439 Qui
1026 398 1165 438 proximi

993 455 1068 478 casu
1092 445 1208 478 strides
1233 446 1382 487 secundo,

944 493 1096 525 Reatibus

989 540 1151 580 indignum
1179 538 1281 571 afficis

943 587 990 619 Et
1011 587 1132 619 salibus

993 635 1108 667 amaris
1131 633 1244 674 inficis,

947 681 1005 714 Cui
1032 681 1184 719 detrahis,

994 738 1086 769 quem
1115 727 1198 761 fictis
1222 728 1327 760 allicis

946 776 1118 808 Blanditiis

996 824 1147 863 vultuque
1177 822 1340 862 simplicis,

947 870 1032 902 Huic
1054 870 1202 902 balneum

994 917 1148 950 moeroris
1173 916 1312 949 conficis

604 975 635 1005 5.
662 971 747 1003 Dum
776 969 893 1003 diffluis

707 1018 779 1050 Hac
805 1018 878 1050 labe
902 1019 1068 1060 labiorum,

662 1065 747 1097 Dum
773 1065 866 1097 solito

668 1112 842 1152 Sordeseis‚
868 1113 972 1145 subito

661 1160 822 1192 Adveniet

710 1207 770 1239 Ille
792 1208 918 1238 sanctus
943 1210 1133 1247 sanctorum,

663 1254 722 1293 Qui
755 1253 897 1292 duplices

712 1301 836 1341 linguas
862 1301 1008 1341 disjiciet,

663 1349 693 1380 A
722 1347 823 1388 paleis

712 1403 811 1435 grana
836 1394 964 1434 dejiciet

663 1442 709 1474 Et
732 1441 857 1473 steriles

713 1489 839 1529 plantas
865 1488 1001 1528 effodiet,

667 1537 729 1576 Ha,
754 1535 904 1567 miserum

712 1587 745 1615 te
768 1591 853 1615 nunc
875 1582 1013 1623 excipiet

666 1630 711 1662 Et
737 1629 853 1662 debitis

714 1676 825 1716 poenis
849 1678 883 1707 te
905 1676 1024 1715 puniet.

611 1725 654 1757 ΒΟ
671 1724 732 1764 Ha,
757 1724 894 1755 moriens
918 1723 994 1761 vita,

666 1771 759 1803 Luxu
783 1770 897 1810 sopita,

667 1818 733 1850 Nos
761 1816 863 1849 inficis

715 1864 826 1897 fellitis
852 1864 987 1897 condita.

293 1931 375 1959 Cant.
395 1940 447 1959 ms.
468 1930 551 1957 Petri
573 1930 609 1958 de
627 1930 748 1958 Medicis
768 1937 844 1957 saec.
867 1927 909 1957 13.
950 1929 1019 1957 Cod.
1039 1930 1229 1957 Laui-entiam
1249 1929 1294 1956 Pl.
1314 1927 1359 1957 29.
1382 1928 1406 1956 1.

219 2092 250 2125 1.
275 2092 388 2134 Homo,
416 2091 470 2132 qui
494 2100 620 2131 semper
642 2093 783 2134 moreris,

322 2139 382 2179 Qui
408 2138 525 2170 diffluis
551 2139 702 2179 quotidie,

276 2186 335 2225 Qui
360 2186 433 2224 scis,
458 2186 543 2224 quod
567 2185 638 2216 heri
660 2185 760 2217 fucris

323 2233 430 2265 Malus
456 2236 488 2262 et
510 2232 602 2271 pejor
625 2232 731 2274 hodie,
753 2270 756 2273 Ι

279 2280 342 2312 Gur
367 2280 474 2311 oculos
497 2288 561 2310 non
585 2279 699 2321 aperis,

280 2326 361 2365 Quid
385 2327 471 2358 vitae
496 2326 579 2357 viam
606 2326 724 2357 deseris

280 2373 325 2405 Et
349 2373 455 2405 ebrius
477 2371 612 2404 efficeris

324 2420 433 2452 Inanis
457 2418 542 2451 fumo
567 2418 709 2459 gloriae?

826 2022 922 2052 146.

900 2093 931 2123 2.
958 2092 1028 2132 Dic,
1054 2092 1157 2132 homo,
1184 2100 1234 2122 res
1258 2091 1427 2134 instabilis,

1006 2139 1078 2180 Dic,
1103 2138 1253 2171 universa
1277 2139 1411 2177 vanitas,

959 2185 1018 2225 Tu,
1047 2194 1116 2217 cum
1140 2195 1203 2217 non
1227 2187 1271 2217 sis
1295 2186 1465 2228 mutabilis,

1006 2233 1070 2265 Sed
1095 2233 1167 2273 ipsa
1190 2233 1395 2273 mutabilitas,

960 2279 1044 2317 Quid
1066 2282 1100 2311 te
1123 2280 1230 2320 pulvis
1253 2281 1301 2312 sic
1324 2280 1459 2320 stabilis,

959 2326 1009 2357 Ac
1033 2326 1061 2358 si
1085 2336 1136 2359 res
1162 2335 1246 2358 esses
1271 2327 1420 2359 stabilis?

964 2372 1046 2410 Quid
1071 2376 1103 2405 te
1128 2373 1261 2406 dilectat
1285 2374 1406 2415 fragilis

1007 2419 1117 2451 Carnis
1143 2423 1175 2451 et
1198 2421 1283 2453 vitae
1308 2422 1440 2456 vilitas?
