1653 2566
673 79 906 114 „95—

739 193 835 223 141.

409 266 453 296 De
474 266 580 297 eodem
600 267 784 307 argumento
804 267 903 298 verba
922 265 1013 297 Pauli
1036 264 1176 305 apostoli.

135 341 165 375 1.
194 342 314 375 Breves
341 344 408 376 dies
434 344 580 388 hominis,

241 390 365 423 Mundi
386 391 466 436 vita,

192 436 360 470 Humanae
383 440 568 481 propaginis

240 485 328 524 Quae
350 486 395 517 sit
418 486 494 528 vita,

291 532 412 573 Cogita.

135 589 166 619 2.
194 588 337 620 Nitimur
361 589 395 621 in
419 591 563 630 vetitum,

240 636 365 669 Mundi
386 636 463 679 vita,

195 682 277 715 Caro
302 686 413 715 contra
436 685 602 724 spiritum,

240 730 328 769 Quae
351 731 395 762 sit
418 731 494 772 vita,

291 778 411 818 Cogita.

138 838 169 869 3.
196 835 286 867 Pene
310 844 441 874 moram,
467 844 616 878 propera,

240 882 365 915 Mundi
385 882 463 925 υἱέα,

192 930 287 962 Mora
310 939 374 961 non
399 931 448 960 est
470 930 590 970 libera3

241 977 327 1016 Quae
352 977 395 1008 sit
419 976 495 1018 vita,

292 1024 414 1065 Cogita.

134 1084 167 1116 4.
193 1081 316 1113 Mundo
340 1081 387 1112 nil
411 1080 614 1121 immundius,

241 1128 366 1161 Mundi
387 1127 467 1169 vita,

196 1177 283 1216 Quae
307 1175 397 1214 faoiS,
424 1174 477 1207 fae
502 1176 611 1215 citius3

243 1224 330 1263 Quae
354 1223 397 1254 sit,
422 1223 496 1258 vita,

291 1270 411 1311 Cogita.

822 346 851 379 5.
880 346 1012 387 Corpus,
1040 345 1124 386 quod
1150 343 1369 383 corrumpitur,

923 392 1046 425 Mundi
1071 393 1148 435 vita,

878 441 1025 473 Animam
1048 438 1267 482 persequitur,

925 488 1011 527 Quae
1034 488 1077 519 sit
1100 487 1174 525 vita,

971 535 1093 575 Cogita.

819 592 850 624 6.
876 591 920 623 Et
945 590 1059 623 bonurn
1084 588 1289 630 propositum,

923 638 1047 670 Mundi
1068 638 1146 678 vita,

879 686 1019 718 Revocat
1041 686 1075 718 in
1098 684 1223 716 irritum
1235 693 1243 725 ;

924 734 1010 773 Quae
1034 733 1076 765 sit,
1098 732 1174 772 vita,

973 780 1093 821 Cogita.

820 838 851 871 7.
877 837 967 869 Alios
992 837 1077 876 quod
1102 836 1210 875 doceo,

923 883 1047 916 Mmzdi
1068 884 1145 926 viia,

877 932 953 971 Ipse
982 931 1098 963 docens
1123 929 1256 971 impleo;

926 979 1012 1017 Quae
1036 979 1078 1010 sit
1100 978 1176 1017 vita,

973 1024 1095 1066 Cogita.

819 1083 851 1116 8.
877 1081 1036 1114 Christum
1063 1090 1104 1113 ne
1129 1089 1323 1123 exasperem,

925 1129 1048 1161 Mundi
1069 1129 1146 1171 vita,

877 1177 1003 1216 Pauper
1026 1185 1141 1217 sequor
1164 1184 1355 1216 pauperem:

928 1224 1014 1263 Quae
1038 1224 1081 1256 sit,
1102 1223 1177 1262 vita,

975 1270 1095 1312 Cogita.

536 1329 567 1361 9.
595 1326 717 1368 Corpus
744 1336 847 1359 meum
871 1327 1002 1367 corrigo,

639 1375 764 1407 Mundi
786 1374 864 1418 vita,

590 1421 635 1454 Et
657 1423 691 1453 in
715 1431 840 1454 servum
864 1422 994 1463 redig03

636 1470 724 1510 Quae
747 1469 790 1500 sit
813 1470 888 1509 vita,

685 1516 805 1557 Cogita.

214 1592 298 1620 Cant.
325 1600 378 1619 ms.
403 1591 486 1619 Petri
513 1591 549 1618 de
568 1591 691 1620 Medieis
718 1600 792 1619 saee.
822 1590 865 1620 1¹0.
907 1591 975 1619 0011.
998 1591 1188 1619 Laurentian.
1214 1591 1259 1618 Pl.
1285 1588 1331 1617 29.
1359 1588 1383 1617 1.
1443 1606 1448 1610 ·

134 1631 245 1659 Genesi-t
262 1639 316 1658 zur
335 1630 417 1658 XIII.
431 1629 592 1666 Abteflung
611 1629 663 1658 der
677 1630 729 1658 Hs.
751 1630 810 1657 und
826 1631 931 1658 mithin
945 1629 1097 1658 vielleicht
1109 1639 1146 1657 zu
1160 1629 1216 1657 den
1230 1629 1368 1657 litteraria
1377 1627 1445 1656 :hen

132 1670 351 1703 Erzeugnissen
369 1668 505 1705 Philipps
525 1668 561 1696 de
583 1666 686 1697 (ἔω-ἐνε-

552 1812 638 1851 Quod
656 1813 735 1845 haec
754 1812 823 1845 vita
842 1812 1028 1854 spernenda.

742 1889 839 1922 142.

137 1970 169 2003 1.
198 1967 276 2001 Cum
301 1968 345 2001 sit
369 1967 470 2000 omnis
496 1977 569 2000 caro
594 1967 721 2001 foenum

195 2016 241 2049 Et
263 2019 339 2057 post
361 2015 488 2047 foenum
512 2014 571 2047 fiat
595 2024 736 2056 coenum,

244 2064 360 2107 Homo,
388 2063 465 2103 quid
490 2062 679 2098 extolleris?

197 2112 311 2152 Cerne,
338 2110 416 2151 quid
442 2119 474 2142 es
500 2112 533 2141 et
557 2109 633 2149 quid
658 2111 731 2152 eris,

193 2160 294 2193 Modo
319 2157 378 2191 flos
406 2166 449 2196 es,
477 2158 534 2191 sed
559 2158 695 2190 verteris

241 2208 279 2241 In
305 2206 450 2239 favillam
475 2205 600 2238 cineriS.

193 2256 328 2289 Terram
352 2253 441 2296 teris,
467 2256 586 2285 terram
610 2253 693 2292 geris

193 2304 239 2337 Et
265 2305 300 2336 in
322 2305 442 2335 terram
466 2299 648 2339 reverteris,

241 2352 301 2393 Qui
329 2351 370 2384 de
393 2352 481 2382 terra
505 2347 650 2383 sumeris

824 1972 854 2002 2.
880 1970 944 2001 Per
969 1970 1108 2000 aetatum
1132 1968 1337 2006 incrementa,

881 2016 980 2048 Immo
1006 2016 1105 2055 magis
1131 2015 1322 2046 detrimenta

927 2062 981 2094 Ad
1005 2072 1068 2095 non
1093 2071 1163 2094 esse
1187 2062 1334 2104 traheris,

882 2110 972 2143 Sicut
994 2110 1116 2153 umbra,
1144 2119 1213 2142 cum
1240 2110 1389 2149 declinat,

882 2158 957 2191 Vita
984 2156 1067 2198 fugit
1091 2160 1124 2189 et
1147 2156 1278 2190 festinat

927 2205 1056 2239 Claudit
1078 2208 1164 2237 meta
1187 2203 1318 2237 funeris.

878 2254 1012 2286 Terram
1035 2253 1123 2294 teris,
1149 2255 1268 2285 terram
1287 2253 1381 2296 geris,

880 2301 924 2333 Et
947 2301 981 2332 in
1005 2303 1123 2333 terram
1148 2301 1330 2342 reverteris,

928 2348 988 2389 Qui
1015 2350 1054 2382 de
1077 2351 1165 2381 terra
1188 2349 1333 2381 sumeris.
