1653 2564
735 102 967 139 -12d

264 200 383 234 Nostra
407 201 508 234 victus
532 201 661 233 miseria

298 249 401 280 Deum
426 248 505 281 facis
530 248 697 290 hominem,

356 298 416 336 Qui
439 306 502 329 non
526 298 734 338 permutatur,

262 345 286 377 O
312 344 459 376 miranda
482 343 593 382 gratia,

311 391 396 430 Quae
420 390 522 422 nescit
546 390 738 422 consimilem

263 438 398 470 Placans
422 437 604 468 inImieitias

307 485 370 517 Per
392 484 529 516 Mariam
553 484 706 523 virginem

307 530 425 562 Salutis
449 531 601 571 originem

344 577 446 618 Culpa
468 580 644 617 superatur,

354 627 455 656 Amor
477 625 677 665 humanatur,

354 672 378 703 Ο
404 680 501 714 amor,
528 672 580 711 qui
607 671 710 705 datur.

201 740 232 772 8.
257 738 306 770 Tu
331 738 482 770 virtutum
507 738 664 778 meritum,

306 785 411 817 Decus
438 787 469 816 et
494 785 629 817 dulcedo
654 793 785 823 morum,

259 833 372 865 Vivum
397 831 462 863 fers
483 832 656 874 interitum,

256 880 425 912 Introitum
451 882 483 911 et
506 879 633 920 exitum,

303 925 471 959 Profectus
496 935 529 957 es
550 927 717 965 Justoruni.

257 974 305 1006 Tu
330 979 511 1006 sanctorum
536 974 720 1014 praemium,

257 1021 305 1052 Tu
330 1021 514 1060 gaudiorum
540 1020 697 1060 gaudium,

304 1068 351 1100 Tu
377 1068 429 1106 qui
456 1071 568 1099 cuncta
594 1068 733 1099 contines

305 1115 346 1147 Et
372 1115 582 1156 principatum
610 1115 732 1147 obtines

352 1161 454 1202 Regni
480 1162 647 1205 coelorum,

351 1208 400 1240 Tu
427 1218 459 1240 es
484 1208 571 1240 Deus
597 1208 736 1242 deorum.

201 1277 231 1310 O,
259 1276 307 1307 Tu
332 1275 419 1315 quies
444 1274 588 1306 hiemalis

303 1322 347 1354 Et
369 1322 507 1354 vernalis
532 1323 715 1363 amoenitas,

256 1370 304 1401 Tu
330 1368 436 1401 fervor
460 1369 621 1400 aestivalis

303 1416 345 1448 Et
368 1424 400 1447 es
424 1416 525 1456 ignita
550 1416 676 1456 caritas,

303 1464 503 1495 Autumnalis
529 1462 716 1507 fecunditas,

256 1511 303 1542 Tu
325 1510 444 1549 jubilus
468 1511 624 1551 mentalis,

301 1557 460 1597 spiritalis
485 1556 652 1600 festivitaS,

254 1605 429 1644 Amplexus
452 1605 615 1645 nuptialis,

300 1651 456 1693 Suavitas,
482 1652 646 1695 vivacitas,

299 1698 449 1731 Literalis
474 1698 665 1742 facunditas,

256 1746 346 1778 Finis
370 1746 513 1787 initialis,

299 1794 379 1826 Post
401 1802 578 1826 moerorem
603 1794 767 1834 serenitas,

251 1841 362 1873 Virtus
385 1841 571 1883 imperialiS,

300 1889 401 1921 Plena
423 1888 624 1921 familiaritas

300 1935 514 1969 Scrutantium
537 1934 750 1977 profunditas,

300 1983 324 2016 Ο
351 1992 448 2024 amor,
474 1993 492 2016 ο
514 1984 706 2024 jucunditas.

196 2051 250 2083 10.
263 2050 370 2082 Radix
386 2050 643 2092 immortalitatis,

264 2096 342 2129 Flos
368 2097 596 2137 deliciositatis,

312 2144 462 2176 Sanitatis
487 2143 620 2185 fructus,

881 660 935 694 11.

876 1166 931 1198 12.

876 1720 930 1752 13.

954 200 1088 240 Lignum
1115 200 1198 233 vitae
1221 201 1373 245 paradisi,

954 247 1017 279 Per
1040 249 1072 280 te
1095 256 1175 288 mea,
1201 257 1252 279 me
1275 250 1389 290 dimisi,

1002 294 1098 332 Quem
1124 295 1232 335 amisi;

954 341 978 373 O
1002 341 1057 372 lux
1080 341 1320 382 inaccessibilis,

952 389 990 420 In
1015 388 1163 428 abyssum
1188 389 1344 421 claritatis

951 434 1007 466 Me
1030 435 1210 467 immersum
1233 445 1341 477 merge
1364 437 1452 478 satis,

998 481 1061 521 EJ'a
1087 484 1129 514 da
1152 483 1261 524 gratis,

951 529 1017 568 Quo
1042 529 1154 561 lumini
1178 530 1237 561 sim
1262 530 1384 571 similis,

952 576 977 608 Ο
1003 585 1090 608 amor
1114 577 1185 608 veni
1210 577 1336 612 nobilis.

950 660 999 692 Tu
1024 669 1056 692 es
1082 660 1347 703 circumferentia,

997 708 1155 748 Centrum,
1183 709 1228 740 tui
1253 711 1368 749 positio

949 754 1028 786 Loci
1051 759 1146 796 negat
1171 756 1330 798 obsequia,

995 802 1105 842 Alpha
1129 806 1161 834 et
1185 803 1209 836 O
1237 806 1268 834 et
1291 805 1407 845 unctio,

996 850 1104 882 Virtus
1128 851 1161 882 in
1186 851 1270 882 omni
1295 852 1410 884 medio.

947 896 996 928 Tu
1024 898 1127 936 gratia
1150 907 1209 937 pro
1234 899 1346 939 gratia,

948 944 1013 982 Quo
1039 944 1189 985 languent
1214 945 1383 986 desideria,

994 991 1116 1031 Tuique
1142 992 1209 1024 sine
1231 993 1315 1025 socio

994 1037 1147 1071 Fecunda
1170 1040 1247 1070 haec
1271 1041 1438 1081 possessio,

946 1085 971 1117 O
997 1094 1085 1118 amor
1109 1095 1217 1118 amans
1243 1088 1356 1121 omnia.

945 1165 994 1196 Tu
1017 1175 1114 1205 genus
1138 1176 1170 1198 es
1195 1167 1227 1198 in
1253 1168 1368 1207 genesi,

994 1213 1170 1245 Moralibus
1195 1215 1222 1245 si
1247 1218 1366 1256 pateat,

945 1259 1026 1299 LuX‚
1054 1270 1137 1300 arca,
1164 1260 1235 1293 fons
1262 1262 1383 1303 diluvii,

990 1308 1032 1339 Se
1055 1317 1142 1340 mare
1165 1309 1296 1341 rubrum
1320 1309 1476 1350 praebeat

993 1354 1199 1395 Profundum,
1226 1365 1277 1389 me
1301 1357 1480 1389 absorbeat.

945 1401 996 1433 Du
1019 1405 1051 1432 et
1074 1412 1259 1443 progressus
1283 1404 1400 1444 Exodi,

947 1448 1107 1488 Columna,
1133 1451 1223 1491 virga
1245 1451 1362 1494 Moysi,

989 1496 1045 1527 Me
1069 1500 1156 1529 terra
1178 1498 1283 1530 mellis
1306 1499 1433 1538 habeat,

992 1544 1109 1576 Currus
1133 1544 1226 1576 Eliae
1249 1547 1414 1588 provehat,

948 1591 1065 1623 Sacrae
1083 1592 1217 1632 jungens
1243 1594 1408 1632 synderesi

948 1638 972 1670 O
998 1647 1088 1671 amor
1109 1639 1204 1682 I-Iely,
1229 1640 1334 1675 Heloi.

947 1718 971 1751 O
996 1727 1093 1760 amor,
1121 1728 1139 1751 ο
1163 1719 1340 1752 sublimitas

990 1765 1046 1797 Me
1068 1765 1209 1798 transfer
1233 1767 1275 1799 ad
1300 1768 1457 1810 sublimia,

945 1813 1003 1847 Cui
1028 1814 1102 1858 vita,
1129 1814 1306 1848 liberalitas

989 1860 1058 1893 Nec
1081 1870 1144 1893 non
1170 1862 1407 1907 omnipotentia,

991 1908 1040 1939 Tu
1064 1917 1141 1941 vera
1161 1909 1326 1949 sapientia,

943 1955 1013 1987 Rex
1038 1960 1071 1989 et
1093 1957 1208 1996 regalis
1231 1956 1344 1998 pietas,

942 2003 991 2035 Tu
1015 2011 1140 2043 semper
1163 2004 1273 2045 vigens
1298 2006 1432 2048 novitas,

985 2050 1078 2083 Nova
1100 2060 1151 2083 me
1174 2052 1265 2091 reple
1288 2053 1401 2093 gratia,

991 2097 1065 2130 Tibi
1091 2099 1134 2130 sit
1156 2099 1225 2130 laus
1250 2103 1282 2131 et
1304 2100 1415 2140 gloria,

944 2145 969 2177 O
994 2154 1095 2188 amor,
1120 2145 1217 2186 Deus,
1246 2146 1357 2180 deitaS.

267 2228 354 2264 Trop.
379 2236 432 2256 ms.
453 2235 527 2255 saec.
550 2224 594 2254 13.
637 2227 706 2255 Cod.
727 2226 930 2261 Stutt-gartien.
951 2227 1015 2254 ΗΒ.
1036 2228 1052 2256 Ι
1071 2229 1137 2256 Ase.
1158 2227 1203 2256 95.
1224 2229 1259 2257 A.
1279 2247 1317 2251 -
1338 2230 1411 2257 Clm.
1430 2231 1496 2258 Μο-

192 2274 292 2294 ῃςιοεηι.
313 2265 361 2300 (01.
381 2263 526 2300 Diessen.)
545 2262 629 2293 5539.
649 2273 724 2292 saec.
747 2262 791 2291 14.
819 2264 850 2292 B.
876 2280 915 2284 —
939 2265 1009 2293 God.
1030 2265 1169 2294 Graecen.
1193 2265 1243 2302 (ol.
1262 2267 1497 2304 Lambreehten.)

192 2301 256 2331 258.
282 2303 346 2330 add.
374 2312 448 2332 saec.
476 2300 520 2331 13.
542 2302 573 2329 G.
598 2317 636 2321 -—
662 2300 695 2338 3,
719 2300 736 2330 6
760 2303 807 2329 De
827 2303 893 2338 lege
914 2302 944 2329 O.
971 2317 1008 2322 —
1033 2302 1064 2338 5,
1085 2303 1102 2331 6
1123 2313 1256 2341 quaeque
1276 2308 1345 2333 suut
1364 2306 1495 2341 perfecta

194 2342 225 2369 O.
245 2356 282 2360 ——
302 2342 353 2368 Bis
374 2340 430 2369 Str.
451 2340 468 2368 ’7
490 2342 625 2369 stimmen
646 2341 703 2368 alle
724 2340 846 2373 Quellen
866 2341 1002 2376 fiberein3
1023 2341 1084 2369 Voi·
1107 2342 1163 2370 Str.
1183 2342 1199 2369 7
1220 2342 1347 2370 schaltet
1366 2343 1389 2370 C
1408 2345 1470 2372 ein:
