1653 2566
649 78 905 115 —105-

731 194 825 225 155.

124 278 156 310 1.
181 277 343 310 Excutere
370 278 409 311 de
433 280 577 319 pulvere,
807 282 837 314 2.
866 282 966 313 Homo
992 281 1065 313 vilis
1089 280 1251 321 materiae,

228 325 312 357 Dum
338 334 418 367 opus
443 331 491 358 est
515 328 667 368 remedio,
912 328 1012 368 Surge
1038 327 1211 360 cle-mortis
1235 326 1366 367 tumulo,

181 373 241 412 Qui
265 373 403 412 turpiter
428 376 460 405 et
483 377 603 406 temere
863 375 947 406 Dum
972 384 1045 416 spes
1071 377 1119 405 est
1142 375 1248 407 adhue
1269 374 1389 415 veniae,

228 419 323 452 Jaces
348 421 381 451 in
406 421 625 462 sterquilini03
911 423 958 454 Te
982 422 1133 454 subtrahe
1157 422 1320 463 periculo;

183 467 295 507 Surge,
322 476 414 499 curre
438 478 497 508 pro
522 468 642 507 bravio,
914 469 1031 501 Metire
1057 469 1161 500 cordis
1186 469 1276 502 oculo

183 514 266 545 Dum
292 517 383 553 potes
409 516 663 555 apprehendere,
867 516 954 548 Tuae
978 519 1094 548 statum
1119 516 1275 556 miseriae,

231 561 322 593 Viam
348 571 501 601 quaerens
526 562 559 594 in
584 563 669 595 invio
912 564 972 603 Qui
993 566 1077 595 totus
1104 566 1153 594 est
1173 564 1206 595 in
1230 563 1369 603 pendulo

180 608 338 640 Malorum
365 610 578 642 reminiscere,
867 610 911 642 Et
933 611 1081 651 langueat
1105 611 1255 651 quotidie,

181 657 233 687 Ad
259 656 398 695 patriam
422 658 594 696 revertere,
866 657 965 689 Fides
985 658 1095 697 jacens
1121 659 1268 699 extrarie,

230 702 308 736 Cum
332 704 518 743 poenitente
539 702 618 736 filio.
916 705 996 745 Quia
1020 706 1109 737 caret
1132 705 1286 739 eubiculo.

511 761 541 794 3.
569 759 619 792 Ne
643 769 721 792 vasa
746 761 954 793 contumeliae

614 807 840 847 Reprobentur
864 817 883 840 a
906 807 1013 849 figulo,

568 854 650 886 Dum
676 855 734 887 sub
760 856 896 888 obscura
919 856 1026 895 specie

618 901 769 935 Videmus
793 905 830 933 ut
852 903 885 934 in
910 903 1048 942 speculo,

615 950 653 982 In
678 950 739 982 hoc
762 951 848 982 vitae
872 950 1029 982 curriculo

569 997 763 1029 Mundemur
785 995 969 1037 multifarie,

617 1043 680 1075 Sed
705 1044 739 1075 in
765 1044 870 1076 cordis
894 1044 1027 1076 latibu10

567 1090 617 1122 De
641 1091 762 1123 sinibus
787 1090 940 1123 scientiae

567 1137 726 1170 Procedat
749 1137 854 1170 fumus
878 1138 1011 1178 hostiae,

615 1185 664 1217 Ne
687 1184 745 1218 fiat
769 1194 874 1218 coram
898 1186 1028 1225 populo.

199 1260 281 1289 Cant.
304 1269 357 1288 ms.
376 1260 459 1287 Petri
478 1261 514 1287 de
531 1259 655 1287 Medicis
685 1268 760 1288 saec.
782 1259 827 1288 13.
853 1259 921 1287 Cod.
934 1260 1126 1287 Laurentian.
1145 1259 1191 1287 Pi.
1204 1257 1250 1287 29.
1267 1258 1293 1286 1.
1314 1274 1351 1279 --
1392 1259 1428 1292 ‚7

120 1301 198 1326 totus
220 1308 259 1327 es.
284 1314 318 1318 —
338 1296 364 1334 3,
385 1296 403 1325 8
423 1299 470 1325 De
489 1300 592 1325 sinuus
615 1296 687 1334 (sie).

732 1419 831 1450 156.

122 1518 153 1552 1.
180 1518 267 1550 Laus
291 1516 335 1548 sit
357 1517 419 1556 ipsi
445 1517 518 1559 soli,
808 1518 841 1549 3.
866 1516 982 1558 Semel,
1008 1516 1069 1558 bis,
1093 1518 1155 1558 ter,
1181 1519 1293 1556 quater

179 1566 239 1605 Qui
266 1564 322 1596 dat
345 1564 452 1596 lumen
477 1564 547 1604 soli,
865 1564 936 1605 Die,
963 1573 980 1595 o
1006 1564 1093 1596 Deus
1118 1566 1220 1604 pater,

182 1613 330 1645 Centrum
357 1613 440 1652 regit
463 1611 540 1653 poli,
866 1611 973 1653 Virgo,
999 1611 1061 1643 Dei
1084 1613 1197 1653 mater,

181 1661 314 1693 Praeest
336 1662 443 1692 terrae
466 1659 552 1699 moli,
866 1659 1000 1691 Delictis
1026 1667 1095 1691 sum
1120 1661 1199 1698 ater,

178 1707 382 1740 Maohinator
408 1708 482 1750 doli,
864 1706 962 1749 Faex,
989 1707 1090 1738 lutum
1113 1710 1149 1737 ut
1172 1706 1264 1748 later,

180 1756 315 1788 irritare
339 1755 405 1787 noli
864 1754 952 1786 Raca
976 1763 1063 1786 meus
1088 1752 1190 1785 frater

225 1804 347 1843 Regem
372 1812 531 1843 superum.
912 1803 943 1834 A
965 1811 1015 1833 me
1040 1802 1181 1842 pertulit.

122 1862 153 1893 2.
181 1860 216 1892 Si
240 1868 304 1892 non
328 1859 376 1891 vis
403 1868 521 1900 errare,
806 1860 838 1893 4.
866 1859 1026 1899 Quidquid
1052 1861 1101 1890 est
1123 1858 1323 1901 obscoenum,

180 1907 276 1940 Hune
302 1907 407 1939 discas
432 1915 548 1948 amare,
865 1907 915 1938 Tu
938 1915 971 1938 es
996 1915 1090 1938 arens
1113 1904 1250 1945 foenum,

181 1955 262 1987 Dico
286 1953 356 1994 tibi,
384 1963 492 1994 quare,
866 1954 993 1985 Tendas
1017 1954 1060 1985 ad
1084 1961 1260 1993 amoenum,

182 2003 263 2042 Quia
286 2003 320 2032 te
346 2001 499 2033 damnare
868 2000 930 2033 Cor
953 2000 1074 2033 habens
1098 2008 1254 2043 serenum,

182 2050 293 2083 Potest
318 2051 350 2080 et
373 2049 510 2086 salvare,
867 2047 978 2080 Laude
1001 2048 1063 2080 Dei
1088 2047 1227 2089 plenum⁷

183 2098 289 2136 Disce,
315 2095 363 2128 fili
386 2104 469 2137 care,
867 2095 959 2127 Istud
985 2095 1026 2126 da
1050 2103 1203 2127 venenum

228 2145 353 2184 Dogma
377 2147 529 2176 veterum.
912 2142 997 2174 Foro
1022 2151 1208 2182 pauperum.

523 2200 554 2232 5.
580 2200 788 2232 Peccatorum
813 2200 905 2239 spina

579 2247 634 2279 Me
657 2248 771 2289 pungit
794 2246 843 2280 bis
868 2248 975 2289 quina,

577 2295 756 2336 Praecepta
781 2295 889 2328 divina

580 2342 672 2376 Sensi
697 2346 792 2384 atque
814 2342 900 2383 bina,
