1653 2564
592 649 628 680 In
647 649 736 680 Festo
761 650 895 682 omnium
914 651 1104 683 Sanctorum.

826 748 896 777 90.

197 841 228 873 1-
254 841 484 874 UniVffl'SOl'um
511 842 598 882 Ol'giO
882 846 914 878 4.
940 845 1003 876 Hic
1027 854 1090 876 non
1115 847 1164 876 est
1188 845 1288 875 metus
1314 843 1459 875 fremitus

256 888 446 920 Sanctorum
472 892 504 920 et
528 890 680 921 solemnio
940 891 1053 931 Neque
1080 891 1240 931 languoris
1264 892 1409 931 gemitus,

305 935 354 967 Sit
378 936 458 977 laus,
487 937 582 968 decus
609 940 641 968 et
667 937 769 977 glorla
989 938 1054 970 Sed
1078 938 1231 970 securitas
1256 938 1354 969 nimia

302 983 366 1025 Illi,
393 984 447 1023 qui
472 984 555 1024 regit
579 985 693 1017 omnia.
987 986 1033 1017 Et
1055 986 1140 1016 salus
1165 984 1237 1016 finis
1261 985 1377 1018 nescia.

194 1030 241 1062 ΗΟ
258 1030 424 1070 Supernae
447 1032 559 1062 matris
584 1031 700 1071 gaudia
881 1033 926 1064 Βῆ
942 1032 1106 1071 Supernae
1129 1032 1240 1063 matris
1265 1032 1381 1072 gaudia

255 1078 489 1117 Repraesentet
514 1078 658 1110 ecclesia.
942 1079 1175 1118 Repraesentet
1199 1079 1342 1111 ecclesia.

199 1136 231 1168 2.
258 1134 359 1166 Nemo
384 1137 495 1174 posset
520 1134 703 1166 describere
884 1138 915 1169 5.
941 1135 1016 1167 mic
1040 1135 1142 1166 sancti
1170 1135 1316 1175 dispositi

257 1182 325 1213 Aut
348 1190 408 1221 per
432 1190 608 1214 sermonem
633 1181 786 1221 pandere,
942 1182 1122 1214 Secundum
1148 1181 1282 1214 formam
1307 1182 1423 1219 meriti,

308 1231 429 1269 Quanta
455 1229 497 1261 sit
524 1229 604 1261 coeli
625 1229 713 1261 curia
989 1230 1063 1262 Una
1092 1230 1177 1261 vocis
1202 1229 1339 1269 sirurgia

302 1277 484 1308 Felicitatis
508 1277 606 1317 copia.
990 1277 1059 1309 Deo
1085 1276 1193 1308 fundit
1216 1277 1397 1316 praeconia.

200 1336 232 1367 3.
259 1334 323 1366 Hic
347 1336 395 1365 est
419 1342 536 1374 perpes
561 1333 720 1366 festivitas
885 1337 917 1368 6.
942 1334 981 1367 In
1007 1334 1187 1365 summitate
1211 1333 1358 1366 ordinum

259 1383 366 1421 Atque
390 1381 480 1421 pacis
505 1381 731 1422 tranquillitas,
942 1381 1003 1413 Est
1023 1382 1116 1420 juxta
1140 1383 1283 1413 nostrum
1308 1380 1478 1412 Dominum

304 1429 369 1461 Hic
394 1431 442 1460 est
467 1437 543 1461 vera
566 1429 737 1461 concordia
990 1429 1090 1461 Beata
1119 1429 1207 1468 virgo
1232 1428 1348 1466 Maria,

307 1477 352 1509 Et
373 1477 458 1517 jugis
484 1476 633 1510 amicitia.
991 1476 1159 1508 Advocata
1183 1478 1293 1508 nostra
1316 1476 1379 1515 pia.

590 1534 621 1567 7.
649 1533 791 1571 Oremus‚
818 1535 854 1564 ut
876 1533 918 1565 ad
945 1533 1059 1564 civium

646 1580 862 1620 Supernorum
888 1580 1078 1612 consortium

694 1628 760 1660 Nos
785 1627 825 1659 ab
850 1628 914 1659 ista
937 1628 1067 1659 miseria

695 1675 814 1708 Christi
837 1675 996 1715 producat
1020 1676 1133 1715 gratia.

276 1743 347 1771 Cod.
367 1743 496 1770 Parisin.
516 1740 565 1777 (ol.
587 1738 826 1776 Sandionysian.)
847 1738 952 1769 15131.
974 1749 1049 1769 saec.
1072 1738 1116 1769 13.

199 1935 231 1968 1.
257 1934 354 1972 Ecce,
379 1935 562 1965 sanctorum
888 1935 920 1966 2.
947 1932 1090 1964 Γλῶσσα
1114 1931 1255 1971 pandere

305 1978 433 2013 Κοινὸν
458 1980 592 2020 orgium,
995 1979 1113 2018 Nequit
1138 1978 1263 2017 penitus

257 2029 312 2061 Ad
338 2028 435 2060 decus
461 2036 593 2067 quorum
947 2026 1058 2065 Neque
1082 2033 1196 2064 sapere

308 2076 353 2108 Et
377 2074 565 2107 solemnium
997 2072 1058 2105 Cor
1081 2072 1272 2111 humanitus,

258 2123 340 2164 Regi
366 2123 525 2154 coelorum
948 2121 1070 2160 Quanto
1095 2118 1226 2151 foedere

310 2170 361 2203 Sit
384 2169 589 2210 praeconium
996 2168 1121 2207 Regnet
1145 2167 1274 2198 coelitus

355 2218 393 2250 In
419 2216 562 2249 exordio.
1040 2214 1232 2247 Exsultatio.

199 2269 243 2300 BP
261 2266 338 2299 Sion
364 2265 475 2297 concio
888 2262 932 2294 Ro
949 2261 1025 2295 Sion
1051 2262 1158 2294 concio

254 2308 337 2346 Ἀνὰ
357 2313 475 2353 Jubilet
940 2302 1021 2341 Ἀνὰ
1040 2309 1156 2349 jubilet

260 2361 339 2396 Cum
364 2360 518 2403 tripudio.
950 2357 1027 2391 Cum
1052 2357 1202 2397 tripudio.
