1653 2566
649 83 884 120 „73-

720 199 817 230 106.

524 271 566 303 De
587 280 611 303 5.
633 272 774 304 Jchanne
792 270 1009 312 Evangelista.

118 349 149 381 1.
176 348 296 380 Christi
321 349 364 380 sit
387 350 537 384 nativitas

226 395 303 428 Cum
326 397 429 435 jubilo
454 399 588 438 repleta,

177 441 274 481 Cujus
300 444 445 476 coelestis
472 446 583 478 civitas

228 491 265 522 In
290 490 358 522 vita
382 491 488 531 quieta

179 536 356 569 Johannem
382 538 549 572 collocavit

175 583 354 623 Epulisque
378 585 477 625 pavit²

185 630 318 663 Vocavit

227 678 306 710 Post
330 679 461 712 senium.

120 725 165 757 ΒΟ
183 724 355 765 {iohannes
380 730 414 757 te
435 734 591 770 rogamus,

179 772 230 804 Da
249 772 351 815 nobis,
379 776 415 804 ut
439 772 593 813 bibamuS‚

179 819 230 851 Nc
254 820 364 852 hamus

801 353 820 384 3
860 352 954 384 Virus
979 352 1031 383 hic
1054 349 1251 382 mortiferum

180 866 249 898 Nos
274 867 381 899 trahat
404 868 437 900 111
463 866 664 907 supplicium.

124 944 155 975 2.
183 942 405 982 Praeceptoris
428 942 462 974 in
486 945 616 982 pectore

230 990 378 1022 Suaviter
402 990 560 1031 dormivit,

183 1036 301 1069 Bibens
325 1037 359 1068 in
386 1045 501 1069 coenae
525 1040 668 1076 tempore

228 1084 376 1124 Fluctua,
403 1092 484 1124 quae
507 1083 602 1123 scivit

182 1131 307 1171 Pectus,
339 1132 424 1170 quod
449 1129 561 1162 refecit

181 1177 247 1209 Nos
274 1181 306 1210 et
327 1181 461 1210 mortem
483 1178 561 1217 ,iecit

181 1225 225 1256 Et
250 1224 328 1257 fecit

275 1273 472 1306 Convivium.

908 398 1078 430 Incolumis
1102 397 1235 437 potavit,

861 446 923 478 Per
947 444 1030 485 quod
1055 445 1146 476 binos
1170 445 1318 476 miserum

907 491 1022 523 Letum
1042 494 1117 524 tuuc
1140 491 1325 531 prostravit,

862 539 980 578 Quibus
1005 538 1089 571 vires
1113 538 1226 570 tribuit

861 587 906 618 Et
928 586 1026 618 vitam
1050 586 1190 618 restituit

861 634 906 665 Et
931 633 1024 665 diluit

906 680 1057 714 Exitium.

832 734 847 748 0
864 727 1034 766 Johannes‚
1058 730 1091 758 te
1113 735 1269 765 rogamus,

860 774 911 806 Da
933 774 1034 815 nobis,
1061 778 1097 805 ut
1120 773 1274 811 bibamus,

861 821 911 853 Ne
934 821 1044 852 hamus

862 868 928 900 Nos
950 868 1057 900 trahat
1080 868 1114 899 in
1138 866 1337 906 supplicium.

862 943 973 976 Custos
997 944 1098 975 nostri
1123 942 1260 981 Domini,

911 989 987 1022 Cum
1013 989 1164 1022 Dominus
1189 989 1344 1028 pependit

862 1038 898 1069 In
927 1045 1028 1070 cruce.
1055 1037 1140 1068 salus
1165 1036 1293 1076 1101111111,

910 1083 1009 1121 Quam
1032 1083 1115 1115 bene
1139 1082 1284 1115 defendit

862 1130 959 1163 Velut
982 1139 1070 1163 suam
1093 1132 1236 1170 matrem,

862 1178 1030 1210 Honorans
1054 1181 1197 1210 nostrum
1221 1179 1355 1217 patrem,

862 1225 908 1257 Et
931 1227 1064 1257 matrem

958 1272 1003 1304 Et
1025 1271 1134 1306 filium.

522 1350 553 1381 5.
580 1348 705 1388 Virgini
731 1356 800 1379 cum
826 1347 949 1388 virgine

623 1395 691 1428 Nos
717 1395 823 1426 cernui
847 1398 1019 1435 cantamus,

579 1442 647 1474 Nec
668 1444 714 1482 tu,
738 1443 850 1480 lector,
877 1442 986 1473 desine

624 1489 761 1529 Laudes,
787 1497 864 1528 quas
889 1497 1045 1528 sonamus,

578 1536 624 1569 Ut
646 1539 720 1577 post
743 1537 804 1569 hoc
826 1539 987 1568 terrenum

578 1584 741 1616 Ducamur
766 1583 808 1616 ad
833 1591 997 1617 amoenum

578 1631 731 1664 Serenum

673 1679 840 1713 Palatium.

200 1774 287 1803 Grad.
308 1783 361 1802 ms.
380 1775 593 1811 Mosburgense
613 1775 683 1802 anni
706 1772 786 1802 1360.
817 1773 887 1801 Cod.
910 1772 1001 1800 Univ.
1020 1769 1174 1801 Monacen.
1197 1771 1260 1800 157.

727 1942 824 1974 10¹7.

548 2026 592 2058 Dc
612 2034 651 2058 ss.
671 2026 812 2057 ι1011011110
836 2027 868 2057 ct
890 2026 1013 2058 Jacobo.

130 2119 159 2152 1.
186 2117 258 2151 Duo
283 2125 380 2149 unum
402 2123 528 2158 genere,

188 2165 258 2198 Duo
283 2173 379 2197 unum
403 2172 545 2203 munere,

238 2213 345 2246 Unum
370 2213 444 2243 sunt
468 2211 501 2242 in
525 2210 637 2252 gratia,

186 2261 259 2294 Duo
284 2269 380 2292 unum
405 2259 542 2299 nomine,

183 2309 257 2342 Duo
279 2317 376 2342 unum
398 2306 529 2349 lumine,

235 2357 342 2390 Unum
368 2357 444 2389 sunt
466 2355 501 2387 in
525 2353 636 2395 gloria.

813 2116 843 2147 2.
870 2115 941 2147 Duo
966 2119 1040 2148 sunt
1064 2116 1207 2156 virginei,

869 2162 941 2194 Duo
967 2164 1189 2204 consanguinei

919 2209 1133 2243 Gubernantis
1158 2211 1271 2253 omnia,

870 2257 943 2290 Duo
968 2262 1041 2291 sunt
1064 2259 1253 2299 prophetici,

870 2305 944 2338 Duo
970 2307 1143 2347 evangelici

918 2353 1030 2386 Testes
1059 2354 1093 2386 in
1118 2354 1260 2389 ecelesia.
