1653 2566
682 93 914 128 —33-

543 190 574 222 7.
601 190 733 223 Orcmus
757 190 828 223 idco

644 237 807 269 Mentibus
832 238 951 271 sedulis

599 284 821 324 Supplicantes
846 285 924 325 Deo,

646 332 694 365 Ut
716 341 773 364 nos
798 333 933 364 oraculis

597 379 687 411 Illius
713 379 754 411 ad
779 380 895 420 gaudia

600 425 760 458 Perducat
784 427 941 459 coelestia.

218 497 287 525 Cod.
308 498 434 526 Parisin.
459 497 508 532 (ol.
529 498 765 535 Sandiouysian.)
787 498 894 528 15131.
916 508 992 528 saec.
1017 498 1059 528 13.
1087 514 1125 518 —
1149 498 1211 525 Das
1231 497 1306 525 Lied
1326 496 1446 530 beginnt

143 536 201 564 wie
220 537 323 564 immer
342 538 397 564 mit
417 536 482 564 dem
501 537 637 569 Refrain;
657 538 762 565 vorher
781 539 862 575 geht:

593 575 644 603 Joi
664 577 694 602 te
715 576 861 611 rossignol

594 612 722 641 Chantez
743 613 778 641 de
797 622 846 641 sus
866 615 878 641 i
897 615 970 648 rain,

594 650 668 677 Viar
691 651 772 678 diuet
790 653 889 679 namie

597 688 642 715 De
663 697 712 716 sus
729 689 813 716 laure
832 690 923 717 florie.

137 725 241 753 Danu:
263 725 373 753 Contra
388 725 420 753 in
440 725 563 753 Latino:
586 727 685 754 Sancti
705 727 822 755 Nicolai
843 730 895 755 etc.

139 906 170 939 1.
197 906 260 937 Hic
284 906 345 938 Dei
370 905 483 945 plenus
505 906 609 946 gratia
826 909 857 941 4.
884 908 963 939 Tres
988 917 1047 947 pro
1071 907 1172 946 patris
1196 906 1305 946 inopia

198 955 351 993 Temptat
375 963 394 985 a
418 953 558 992 pueritia
884 955 1095 994 Praeparatas
1119 954 1160 985 ad
1184 953 1263 985 vitia

200 1001 319 1039 Quarta
343 1001 496 1039 sextaque
519 999 600 1031 feria
881 1002 1032 1042 Virgines
1057 1001 1096 1033 ab
1122 999 1253 1032 infamia

247 1048 289 1080 Se
312 1048 442 1080 domare
463 1047 593 1086 jejunio.
929 1049 1077 1080 Retraxit
1101 1047 1169 1078 auri
1191 1047 1304 1086 pretio.

140 1095 184 1127 Ro
201 1095 328 1127 Nicolai
352 1093 504 1126 solemnio
824 1096 866 1127 ΗΟ
884 1096 1010 1128 Nicolai
1034 1095 1186 1127 solemnio

196 1142 349 1174 Laetetur
375 1141 452 1173 cleri
476 1141 593 1173 concio.
881 1142 1033 1175 Laetetur
1058 1142 1135 1174 cleri
1160 1141 1277 1174 concio.

140 1201 171 1232 2.
199 1199 285 1232 Hinc
308 1198 438 1238 praesul
459 1198 574 1238 Myrae
599 1198 710 1229 nuntia
824 1201 855 1233 5,
882 1200 920 1232 In
945 1200 1006 1231 Dei
1031 1198 1095 1231 fide
1118 1198 1212 1239 hagia

200 1247 286 1278 Voce
312 1246 352 1278 de
378 1245 457 1277 coeli
483 1245 580 1284 curia,
881 1248 994 1279 Fultus
1021 1244 1188 1279 defunctus
1211 1246 1245 1277 in
1269 1245 1322 1277 via

198 1294 302 1325 Puero
326 1293 361 1324 in
387 1292 528 1324 caldaria
880 1294 1010 1326 Revixit
1033 1294 1151 1326 virtute
1175 1293 1228 1325 dia

244 1339 371 1373 Profuit
393 1340 426 1370 in
452 1339 580 1373 auxilio.
927 1342 971 1373 Et
994 1341 1149 1381 praesulis
1174 1339 1332 1379 suffragio.

134 1399 168 1432 3.
195 1398 294 1430 Pulsa
318 1396 411 1428 famis
437 1396 581 1436 angustia
821 1400 852 1432 6,
878 1398 983 1430 Multa
1006 1398 1158 1430 virtutum
1184 1397 1247 1428 alia

196 1445 310 1476 Tritici
336 1443 532 1476 abundantia
877 1446 970 1478 Facit
997 1445 1080 1477 Deus
1104 1444 1241 1485 insignia

193 1492 310 1525 Nautis
337 1492 403 1531 ejus
425 1491 592 1523 clementia
878 1493 970 1525 Illius
995 1492 1134 1524 amicitia

241 1539 398 1571 Subvenit
422 1538 455 1569 in
480 1536 657 1578 naufragio.
925 1541 1028 1580 Hujus
1053 1539 1164 1571 mundi
1188 1538 1315 1572 auxilio,

534 1597 564 1627 7.
592 1596 734 1636 Oremus,
760 1599 795 1628 ut
820 1597 859 1629 ad
888 1598 1003 1638 gaudia

590 1643 657 1675 Nos
681 1643 749 1683 poli
773 1643 845 1676 finis
870 1645 977 1676 nescia

590 1690 717 1723 Nicolai
740 1692 881 1732 propitia

634 1738 795 1772 Perducat
816 1740 1011 1774 intercessio.

208 1804 278 1832 Cod.
299 1805 427 1832 Pax-isin.
451 1802 499 1837 (ol.
521 1802 764 1839 Sandionysian.)
786 1802 891 1832 15131.
913 1813 988 1833 saec.
1011 1803 1056 1833 13.
1075 1820 1114 1824 —
1136 1802 1162 1839 2,
1182 1802 1202 1832 4
1220 1803 1362 1831 Praesuit.

738 1915 833 1947 123.

132 1986 162 2020 1.
189 1985 251 2017 Ille
277 1985 354 2017 civis
379 1984 525 2024 Paterae,
814 1987 845 2017 2.
872 1986 953 2018 Inde
975 1985 1089 2025 Myrae
1113 1983 1257 2024 pontifex

236 2033 298 2065 Dei
324 2033 437 2072 plenus
462 2032 575 2072 gratia,
920 2033 1036 2064 Divino
1059 2032 1231 2073 juvamine,

189 2080 349 2113 Mammae
376 2079 479 2118 coepit
503 2087 637 2118 parcere
873 2080 965 2112 Plebi
990 2078 1052 2111 fuit
1076 2077 1184 2118 opifex

238 2128 368 2169 Quarta,
395 2129 486 2158 sexta
510 2125 601 2167 feria,
920 2128 958 2160 In
984 2126 1076 2159 famis
1099 2126 1281 2166 gravamine

235 2175 401 2210 servando
420 2173 543 2213 J'ejunia
919 2175 969 2207 Ac
992 2175 1026 2206 in
1050 2173 1147 2206 maris
1172 2173 1299 2206 turbine

283 2223 335 2256 Ab
362 2222 453 2255 annis
477 2221 649 2261 prioribus,
969 2222 1084 2254 Nautis
1115 2221 1387 2262 conquerentibus.

129 2273 174 2305 ΗΟ
191 2271 357 2305 Laudibus
814 2270 858 2302 R*
874 2269 1039 2302 Laudibus

187 2319 314 2352 Nicolai
342 2316 487 2353 dulcibus
872 2317 999 2350 Nicolai
1024 2317 1168 2350 dulcibus

188 2368 344 2401 Vacemus
369 2375 439 2399 cum
466 2364 620 2399 cantibus.
873 2366 1029 2399 Vacemus
1055 2374 1124 2398 cum
1151 2366 1304 2401 cantibus,

1222 2421 1265 2451 6*
