1653 2564
649 89 904 125 -131—

725 183 817 215 18¹2.

799 242 831 275 2.
858 242 920 274 Pro
946 243 1047 287 dolor,
1075 242 1224 283 proditio,

903 289 1031 322 Summa
1054 289 1149 322 radix
1175 289 1347 332 eriminum,

857 337 969 369 Prodit
994 337 1027 369 in
1052 337 1111 369 hoe
1134 337 1255 377 proelio

903 382 1032 415 Vultum
1057 392 1168 424 gerens
1192 385 1358 424 geminum,

856 429 1041 463 simulatrix
1063 431 1206 470 justitiae

858 477 966 509 Prima
990 478 1079 510 videt
1101 477 1193 510 faeie.

176 530 298 563 Sedens
323 531 421 572 gemit
444 541 479 564 se
503 533 634 574 conteri,
856 533 981 566 Fovere
1004 544 1098 574 quam
1121 542 1185 567 non
1209 543 1315 575 opere,

176 577 219 610 Se
244 579 417 611 desolatam
443 579 555 622 deseri,
857 580 921 613 Sed
947 581 1044 613 verbo
1070 584 1160 613 curat
1182 581 1295 622 colere,

225 625 269 658 Et
294 626 428 666 gemitus
904 626 1018 660 Officio

221 672 301 712 EJus
326 682 389 705 non
414 675 462 704 est
486 673 700 706 absconditus.
908 675 984 708 Cum
1010 676 1074 707 suis
1098 677 1206 708 servat
1231 675 1314 710 vitiO.

194 736 276 764 Cant.
297 746 349 765 ms.
369 737 451 765 Petri
470 737 506 766 de
524 738 648 766 Medicis
672 746 747 766 saee-
770 736 813 767 13.
846 739 915 767 Ood.
937 740 1126 768 Laurentian.
1145 740 1189 768 Pl.
1210 738 1256 767 29.
1279 737 1303 768 1.

122 238 151 270 1.
179 236 339 271 Nobilitas
363 240 462 271 animi

224 286 299 318 Sola
324 288 372 318 est
397 288 428 318 et
450 288 555 327 unica,

175 332 284 365 Virtus
311 333 399 366 dolet
422 335 570 377 opprimi,

224 380 310 421 Fuit,
337 380 399 413 fuit
423 381 562 421 publiea,

175 427 274 459 Modo
300 428 368 460 sola
392 429 590 471 relinquitur,

177 474 242 506 Sub
268 475 388 507 tributo
412 476 578 515 redigitur.

724 832 817 862 188.

798 892 829 923 3.
856 891 1061 931 Indulgentes
1085 892 1214 932 plurimi

904 937 980 971 Cibo
1007 939 1153 978 delicato,

855 985 936 1016 Toto
961 985 1032 1017 nisu
1057 987 1200 1018 serviunt

903 1031 1015 1064 Ventri
1040 1032 1185 1074 dilatato,

855 1079 972 1112 vivunt
997 1079 1066 1111 sine
1090 1081 1199 1120 regula

901 1125 947 1159 Ut
970 1135 1066 1166 pecus
1091 1127 1123 1159 in
1147 1129 1250 1167 prato,

174 1172 324 1205 Nutrices
347 1173 486 1205 tolerant
854 1173 916 1205 Est
940 1174 1052 1213 quibus
1075 1175 1109 1206 in
1132 1175 1199 1206 solo

219 1219 347 1252 fortuna
369 1223 502 1261 urgente
527 1220 661 1252 dolores.
901 1220 1032 1253 vivendi
1059 1230 1153 1254 eausa
1177 1222 1296 1262 palato.

115 1278 145 1310 2.
173 1277 342 1309 Proniores
367 1277 528 1308 hominum
795 1278 826 1310 4.
853 1276 1024 1309 Terrarum
1049 1278 1217 1318 possessio,

220 1324 302 1356 Sunt
325 1324 367 1356 ad
390 1324 476 1355 mala
500 1327 631 1362 mentes,
899 1325 984 1355 sacci
1008 1325 1199 1364 magnitudo,

174 1374 257 1410 Quas
285 1371 441 1403 divellunt
464 1370 603 1411 undique
851 1370 969 1410 Quibus
995 1372 1063 1404 visa
1087 1370 1183 1404 fuerit

220 1420 426 1451 Peeeatorum
451 1421 566 1458 sentes,
900 1427 1015 1459 magna
1038 1419 1204 1459 celsitudo,

172 1464 283 1498 Carnis
308 1466 494 1509 petulantia,
852 1465 969 1498 Rerum
994 1468 1109 1506 sugunt
1133 1467 1254 1507 copiam

219 1513 303 1552 Quos
329 1511 409 1544 fae-it
432 1514 583 1552 amentes,
900 1512 950 1545 De
975 1512 1121 1546 fortunae
1145 1514 1230 1558 ludo,

169 1560 273 1593 Sentit
297 1560 403 1592 adhue
425 1561 543 1600 proles,
851 1559 924 1592 Non
948 1560 1084 1593 missura
1109 1564 1209 1594 eutem

216 1608 301 1648 quod
326 1609 512 1639 commisere
534 1610 695 1647 parentes.
898 1608 995 1648 plena
1020 1617 1132 1641 eruore
1157 1610 1280 1643 hirudo.

186 1672 257 1701 Cod.
280 1673 375 1702 Palat.
395 1673 598 1702 Vindobonen.
619 1672 669 1708 (ol.
692 1670 842 1708 Gampen.)
859 1670 926 1701 883.
946 1682 1021 1701 saee.
1042 1671 1115 1703 ¹4l15.

115 890 146 923 1.
173 890 210 921 In
235 891 354 922 mundo
380 890 559 930 degentium

221 936 318 969 Multi
343 940 417 969 sunt
442 945 576 980 errores,

173 983 345 1024 Multiplex
368 982 499 1017 afflietio

220 1031 265 1064 Et
290 1032 432 1072 corrupti
455 1040 569 1072 mores,

174 1078 316 1111 Matrum
338 1079 530 1118 parientium

223 1125 314 1157 Varii
339 1125 475 1167 dolores,

720 1766 800 1798 189
805 1785 814 1795 .

791 1828 823 1861 3.
850 1827 905 1860 Ira
928 1827 1046 1860 militat
1069 1836 1140 1860 eum

898 1875 963 1907 suis
986 1875 1195 1916 appendiciis,

110 1827 141 1859 1.
169 1826 310 1859 Mundus
335 1827 480 1866 eclipsim
505 1827 626 1867 patitur

214 1874 349 1906 Decoris
375 1877 407 1906 et
431 1874 571 1914 honoriS,

167 1921 246 1953 Flos
271 1921 428 1953 eastitatis
451 1920 581 1962 labitur,

216 1969 301 2001 Laus
325 1969 449 2001 exsulat
471 1967 615 2010 pudoris,

165 2015 247 2049 Nam
273 2015 353 2048 fides
378 2015 516 2056 evanuit,

217 2065 340 2098 Caritas
367 2067 399 2096 et
422 2062 590 2098 modestia,

132 2147 139 2155 .
166 2122 354 2163 Benignitas
377 2129 441 2153 non
466 2119 581 2153 colitur

212 2170 273 2202 Est
297 2177 380 2202 vana
404 2177 468 2208 pax
493 2167 621 2208 amoris,

163 2217 400 2257 Humilitasque
424 2215 597 2256 spernitur,

212 2266 281 2298 Nee
305 2266 379 2300 sunt
404 2263 501 2296 verba
527 2263 678 2305 dulcoriS,

163 2314 228 2347 Sed
256 2314 402 2346 coluntur
426 2312 525 2353 rixae,
551 2309 690 2355 fraudes,

210 2362 311 2396 Dolus
340 2370 378 2394 ae
402 2360 559 2393 molestia..

852 1921 935 1955 Gula
958 1925 1071 1962 regnat
1092 1932 1177 1955 nune

897 1971 1045 2008 potenter
1070 1979 1139 2001 eum
1165 1970 1261 2012 vitiis,

851 2015 924 2048 Jam
948 2016 1053 2049 virent
1077 2019 1110 2048 et
1132 2015 1255 2057 florent,

899 2063 1022 2102 Odium,
1049 2064 1179 2097 invidia.

792 2122 822 2154 4.
851 2120 922 2153 Non
949 2120 1066 2152 dormit
1089 2121 1234 2163 avaritia,

895 2166 1043 2200 Festinat
1065 2168 1186 2211 acedia,

848 2216 913 2256 Lis,
942 2215 1112 2256 discordia,

895 2263 1052 2303 Superbia

848 2311 920 2345 Stat
941 2312 975 2343 in
1000 2312 1111 2354 gloria,

896 2358 1089 2393 Solemnizat
1112 2360 1248 2393 luxuria.

1201 2414 1242 2444 9*
