1653 2566
652 98 912 137 -151-

726 213 820 245 216.

124 282 153 315 1.
182 279 206 313 O
235 290 326 314 curas
352 282 521 321 hominum,
807 286 839 316 2.
864 283 916 314 Ab
942 284 1014 315 aula
1037 282 1200 325 principis,

230 329 313 367 Quas
340 332 431 361 curat
455 330 551 371 curia,
913 329 947 363 Si
971 330 1050 362 nihil
1073 330 1202 370 habeas,

229 376 253 408 Ο
280 385 410 416 quorum
436 376 543 408 studia
911 377 1045 416 Oportet
1069 377 1175 418 abeas,

180 421 253 455 Non
277 423 398 455 habent
419 424 598 464 terminum,
866 423 961 463 Spem
985 433 1100 457 vanam
1125 424 1274 466 concipis,

276 470 401 502 Talium
427 471 455 502 si
479 469 573 502 fidem
959 472 1077 503 Tenuis
1103 470 1239 508 fortuna,

324 518 517 560 Incurreret,
1007 518 1193 551 Omnimoda

325 564 496 597 Desereret
1006 566 1059 598 Ad
1086 565 1250 598 commoda

275 612 414 651 Pylades
439 611 597 651 Atridem,
960 612 1131 645 Hominum
1154 621 1243 644 mens
1266 620 1348 651 una,

182 659 277 691 Alter
302 659 384 690 enim
409 659 549 690 Theseus
866 661 896 691 A
922 668 981 699 quo
1006 660 1085 691 nihil
1107 660 1292 701 emungitur,

231 705 327 737 Suum
352 704 479 737 fastidit
502 705 633 748 Thesea,
918 706 1005 745 Opus
1029 707 1136 746 perdit
1161 709 1193 738 et
1216 715 1355 746 operam,

184 752 248 784 Ubi
272 756 383 792 regnat
409 752 566 785 Protheus
868 754 959 793 Quod
982 754 1113 786 habenti
1137 754 1274 792 dabitur,

231 800 276 831 Et
301 799 359 831 fati
383 799 467 831 ludit
490 799 570 832 alea.
914 800 1038 833 Tenent
1061 810 1168 833 omnes
1193 801 1234 833 ad
1259 801 1394 832 literam.

537 857 568 889 3.
595 856 634 888 In
658 856 778 888 lucrum
804 857 940 888 vertitur

641 902 802 935 Censurae
822 904 945 941 levitas,

638 950 759 982 Fracta
781 951 935 982 securitas

594 996 692 1028 Danti
716 997 897 1038 remittitur,

688 1043 841 1083 Explicas
868 1044 997 1075 decreta

736 1090 790 1123 Ad
815 1090 949 1127 libitum,

739 1137 773 1169 Si
797 1137 933 1169 sonitum

688 1185 824 1217 Dederit
847 1188 991 1224 moneta,

596 1233 702 1264 Plenis
728 1240 801 1263 aere
826 1232 960 1264 sacculis

640 1279 701 1311 Rei
726 1288 830 1318 poena
854 1279 1015 1320 minuitur⁷

639 1326 759 1359 Locum
791 1326 842 1357 dic
868 1335 888 1357 a
911 1327 1022 1358 loculis

596 1374 700 1416 Unde,
731 1374 818 1406 locus
844 1373 872 1405 si
896 1374 1067 1413 quaeritur.

207 1447 290 1475 Cant.
310 1456 363 1476 ms.
384 1448 465 1475 Petri
485 1447 520 1474 de
539 1447 663 1475 Medicis
684 1455 760 1474 saec.
783 1444 826 1474 13.
867 1446 935 1474 Cod.
956 1446 1145 1474 Laurentian.
1165 1445 1209 1474 Pl.
1231 1443 1275 1474 29.
1300 1445 1322 1473 1.

678 1578 721 1608 De
742 1576 886 1608 Simonia.

735 1655 829 1684 217.

131 1734 162 1767 1.
188 1733 395 1774 Frigescente
420 1733 564 1765 caritatis
816 1734 847 1766 3.
873 1732 1004 1765 Martha
1027 1731 1106 1765 foris
1130 1735 1303 1773 occupatur

236 1781 275 1813 In
298 1781 394 1813 terris
418 1781 555 1821 igniculo
921 1782 1081 1821 Quaerens
1109 1780 1191 1812 lucri
1215 1782 1360 1821 gratiam,

188 1828 366 1862 Universae
389 1829 539 1860 vanitatis
873 1827 972 1860 Soror
996 1828 1144 1860 Marthae
1169 1828 1400 1868 contemplatur

237 1877 323 1908 Fons
349 1876 485 1907 inundat
505 1875 642 1915 saeculo,
920 1874 1074 1907 Nummos
1100 1878 1132 1906 et
1153 1876 1330 1916 pecuniam,

239 1924 335 1955 Brevi
360 1923 419 1954 sub
446 1924 579 1955 articulo
921 1922 1024 1963 Igitur
1044 1923 1086 1954 ad
1110 1921 1278 1961 perfidiam

191 1971 352 2002 Audietur
378 1970 534 2002 vastitatis
875 1968 997 2001 Aurum
1024 1968 1140 2001 Christi
1166 1970 1351 2012 occultatur,

241 2017 385 2050 Gemitus
410 2018 442 2049 in
469 2017 598 2057 populo.
922 2016 1058 2048 Versum
1084 2019 1132 2048 est
1154 2017 1188 2048 in
1213 2018 1359 2050 scoriam.

132 2077 165 2109 2.
189 2074 287 2116 Ecce,
311 2073 427 2107 florent
450 2073 634 2106 venditores
817 2074 849 2107 4.
876 2072 945 2106 Hoc
969 2073 1105 2105 sancivit
1128 2082 1195 2106 mos
1220 2074 1393 2115 Romanus,

240 2121 402 2163 Spiritalis
427 2122 558 2162 gratiae,
923 2119 994 2152 Hoc
1020 2120 1180 2153 decretum
1205 2122 1330 2162 legitur,

190 2169 383 2203 Antichristi
412 2176 646 2209 praecursores,
878 2167 968 2207 Quod
992 2169 1033 2200 sit
1057 2168 1185 2208 praesui
1210 2169 1261 2200 vel
1287 2169 1423 2202 decanus

239 2219 389 2251 Pastores
415 2216 579 2254 ecelesiae,
925 2215 999 2256 Hic,
1024 2225 1044 2248 a
1068 2225 1128 2256 quo
1153 2216 1224 2256 plus
1251 2217 1389 2258 dabitur,

242 2266 345 2298 Fures
371 2263 590 2304 eucharistiae,
926 2262 1021 2296 Unde
1044 2266 1132 2295 recte
1157 2264 1290 2296 dieitur:

191 2313 278 2347 Novi
303 2313 408 2346 Judae
431 2319 631 2344 successores
878 2311 980 2344 Roma
1008 2312 1097 2352 quasi
1121 2311 1237 2344 rodens
1262 2321 1382 2347 manus.

240 2362 400 2395 Christum
425 2361 568 2393 vendunt
592 2357 697 2391 hodie.
924 2360 988 2392 Per
1012 2368 1105 2400 quam
1129 2361 1263 2392 mundus
1288 2361 1421 2397 roditur.
