1653 2566
626 94 882 129 —141—

182 183 265 213 Cant.
286 195 339 215 ms.
359 188 440 216 Petri
461 190 496 217 de
514 189 637 217 Medicis
656 198 730 217 saec.
753 187 796 217 13.
837 189 906 216 God.
926 188 1114 216 Laurentiau.
1137 187 1179 214 Pl.
1200 184 1245 213 29.
1268 184 1292 212 1.
1312 184 1346 211 A.
1368 197 1405 202 —-

104 219 163 247 Die
183 222 238 250 Hs.
264 223 315 251 hat
339 234 396 253 nur
420 226 467 254 die
493 229 569 254 erste
589 227 713 262 Strophe
738 227 788 254 des
807 226 926 262 Liedesq
951 227 999 253 die
1022 224 1176 261 folgenden
1201 223 1268 251 sind
1289 223 1408 258 erg'imzt

101 265 155 284 aus
179 258 272 288 Carm.
293 262 412 290 Burana
434 262 468 291 10
488 272 516 290 u.
536 264 555 291 f.
576 265 609 292 Β,
630 279 666 283 —
679 264 737 292 Die
757 266 820 291 vier
838 262 946 292 letzten
959 264 1059 291 Zeilen
1078 263 1128 290 der
1148 262 1269 289 zweiten
1283 259 1407 295 strophe

100 295 205 323 stehen
234 298 265 325 in
285 299 310 326 B
336 301 368 327 in
393 301 444 328 der
469 304 565 329 ersten
585 301 717 337 Strophc,
739 301 787 328 die
807 301 1052 336 entsprechenden
1073 300 1172 337 Zeilen
1193 298 1286 326 dieser
1307 298 1335 324 in
1357 294 1408 323 dci·

100 334 224 362 zweiten
252 336 386 372 Sta-opha.
425 338 467 365 Es
493 339 533 365 ist
558 338 641 366 nicht
664 347 702 365 zu
727 338 888 371 erkenneu,
912 338 1021 365 welche
1040 337 1175 372 Stellung
1201 336 1248 363 die
1273 334 1405 369 richtige.

102 369 164 398 Das
178 371 253 400 Lied
273 374 351 409 triigt
371 383 403 402 so
425 375 492 402 sehr
511 375 563 402 das
579 375 711 411 Geprfige
725 375 775 402 des
789 376 931 403 Kanzlers
945 376 1062 413 Philipp
1077 375 1112 402 de
1125 374 1240 409 Gravia,
1262 372 1325 400 dass
1339 380 1405 400 mall

102 415 141 435 an
164 411 246 437 scine
264 411 455 439 Autorschaft
472 412 600 449 glauben
618 413 741 445 rnechte.

703 592 802 622 201.

409 683 558 715 Planctus
581 682 696 715 Christi
718 684 755 715 dc
775 684 868 715 malis
889 684 1099 724 praesulibus.

100 779 130 811 1.
158 779 242 817 Quid
265 782 352 813 ultra
376 781 435 813 tibi
459 781 576 825 facere,

205 827 305 861 Vinea
321 837 401 865 mea,
427 828 542 868 potui?

158 875 238 914 Quid
264 877 355 915 potes
380 875 457 908 mihi
482 877 630 916 reddere,

204 922 263 962 Qui
287 933 347 963 pro
371 926 404 955 te
428 924 529 965 caedi,
556 925 686 964 conspui

784 784 818 816 4.
843 782 927 823 Quid
952 783 1038 822 quod
1061 782 1133 822 ipsa
1157 783 1268 823 religio

891 830 1023 862 Crucem
1050 828 1115 862 fert
1138 831 1171 862 in
1196 839 1336 872 angaria,

840 877 884 909 Et-
910 886 979 909 cum
1005 877 1099 909 datur
1122 878 1256 910 occasio.

893 924 1044 956 Recurrit
1069 934 1138 956 cum
1163 925 1286 957 laetitia

201 969 247 1002 Et
271 969 414 1011 crucifigi
437 971 548 1003 volui?

156 1016 201 1048 Et
225 1020 259 1048 tu
283 1027 343 1058 pro
366 1020 455 1050 tanto
480 1028 611 1051 munere

158 1064 313 1104 Baptismi
339 1064 442 1099 fracto
467 1066 598 1098 foedere

206 1112 386 1144 Praesumis
411 1113 481 1146 vice
505 1115 605 1146 mutui

158 1159 213 1191 Me
238 1169 348 1192 rursus
373 1161 559 1202 crucifigere

204 1206 247 1238 Et
272 1207 392 1240 habere
414 1209 536 1241 hostem
562 1209 618 1242 tui.

124 1315 130 1322 .
158 1292 360 1325 Existimasti
384 1295 504 1325 temere

205 1339 247 1371 Et
271 1348 323 1371 me
346 1344 378 1372 et
402 1341 519 1372 mundo
545 1340 679 1382 perfrui,

158 1386 230 1418 Non
255 1389 390 1426 possunt
414 1387 492 1420 mihi
518 1389 635 1425 vivere,

206 1434 265 1473 Qui
290 1443 352 1467 non
370 1439 442 1467 sunt
456 1436 575 1468 mundo
592 1436 726 1477 mortui3

204 1483 250 1514 At
274 1485 319 1523 tu,
344 1492 423 1523 quas
448 1483 557 1523 sperni
583 1483 686 1524 docui,

158 1529 229 1561 Non
255 1538 360 1562 cessas
385 1539 462 1570 opes
487 1538 641 1571 quaerere

158 1577 282 1609 Relicto
310 1576 436 1610 Christo
461 1586 613 1617 paupere,

204 1624 249 1656 Et
274 1634 368 1664 quam
393 1625 511 1666 signari
540 1625 624 1658 volui

156 1672 362 1712 Paupertatis
387 1676 559 1715 caractere,

205 1719 370 1752 Mundano
397 1728 491 1752 vacas
516 1720 613 1752 luxui.

123 1831 129 1837 .
159 1805 277 1837 Verum
297 1814 318 1837 a
340 1806 521 1838 sanctuario

205 1852 320 1884 Prodit
342 1852 400 1884 illa
421 1853 554 1893 malitia,

155 1900 200 1932 Et
224 1909 244 1931 a
269 1899 348 1930 cleri
373 1900 517 1939 contagio

203 1946 352 1979 Monstra
376 1949 524 1979 creantur
548 1948 662 1987 omnia,

203 1994 264 2032 Qui
291 1992 408 2026 diffluit
432 1993 559 2035 lusuria

156 2042 319 2081 Turpique
344 2043 464 2073 marcet
489 2040 564 2081 otio,

155 2090 193 2122 In
223 2090 381 2129 apparatu
406 2088 493 2129 regio

204 2136 359 2176 Facitque
384 2134 555 2167 mutatoria

156 2184 206 2216 De
227 2192 298 2215 meo
319 2182 522 2225 patrimonio,

204 2231 263 2272 Qui
289 2234 339 2263 sto
363 2230 502 2262 nudatus
527 2229 640 2263 hostia.

891 971 943 1003 Ad
967 980 1109 1011 pepones
1133 975 1165 1003 et
1186 972 1252 1005 alia

843 1018 997 1051 Simulato
1021 1021 1157 1060 negoti0‚

843 1067 873 1097 A
897 1067 1078 1107 plangentis
1103 1066 1209 1099 officio

891 1113 989 1146 Redit
1013 1115 1053 1146 ad
1080 1115 1265 1157 saecularia,

844 1161 902 1200 Qui
928 1161 1081 1193 derelicto
1107 1163 1204 1202 pallio

890 1208 1031 1248 Fugerat
1054 1209 1094 1241 ab
1118 1210 1287 1250 Aegyptia.

810 1321 817 1328 .
844 1294 939 1333 Quasi
965 1304 1027 1326 non
1050 1294 1261 1326 ministerium

890 1341 1051 1373 Creditum
1077 1342 1120 1373 sit
1141 1342 1332 1381 pastoribus,

845 1388 909 1421 Sed
934 1397 1064 1429 regnum
1091 1392 1146 1420 aut
1168 1389 1346 1429 imperium,

888 1435 1037 1468 Nondum
1065 1436 1257 1476 praecinctis
1282 1436 1410 1468 renibus

891 1482 1069 1523 vacuisque
1096 1483 1297 1523 lampadibus

845 1530 1008 1570 Usurpaut
1030 1530 1243 1563 sacerdotium

846 1577 1045 1618 Pensantque
1069 1579 1161 1610 lanae
1185 1579 1322 1618 pretium

889 1624 935 1656 Et
958 1635 1021 1657 non
1046 1626 1158 1657 curant
1183 1626 1223 1657 dc
1246 1625 1369 1667 ovibuS,

845 1672 893 1704 Dc
913 1681 1044 1712 quorum
1070 1673 1197 1713 sanguis
1222 1677 1325 1704 ovium

892 1720 1114 1761 Requirendus
1139 1723 1187 1751 est
1209 1720 1364 1752 manibus.

809 1830 816 1837 .
843 1805 950 1837 Meum
974 1805 1024 1838 ire
1045 1806 1200 1837 vicarium

891 1853 973 1885 Meis
1000 1854 1128 1885 deceret
1151 1852 1308 1892 passibus,

845 1901 1015 1939 Meumque
1035 1900 1258 1939 patrimonium

891 1947 974 1980 Meis
1001 1947 1071 1979 dari
1094 1946 1299 1986 pauperibus,

892 1994 965 2026 Non
989 1993 1112 2034 ignavis
1136 1993 1342 2034 parentibus-3

841 2042 886 2073 At
914 2041 948 2072 in
972 2041 1056 2073 ovile
1079 2041 1184 2073 ovium

845 2087 984 2128 Ingressi
1008 2097 1071 2120 non
1096 2097 1155 2127 per
1179 2087 1302 2128 ostium,

892 2134 956 2167 Sed
981 2135 1032 2167 vel
1057 2136 1087 2166 vi
1112 2135 1162 2167 vel
1188 2135 1380 2178 muneribus,

843 2182 1001 2221 Quaesitis
1024 2191 1085 2221 per
1106 2181 1260 2222 flagitium

890 2230 1074 2262 Abutuntur
1097 2229 1280 2266 honoribus.

173 2336 259 2364 Cant.
285 2343 339 2363 ms.
364 2334 447 2363 Petri
473 2333 510 2362 de
534 2333 659 2362 Medicis
685 2341 760 2361 saec.
790 2331 833 2362 13.
875 2333 944 2361 Cod.
964 2333 1155 2362 Laurentian.
1178 2335 1222 2362 Pl.
1250 2333 1295 2364 29.
1326 2333 1350 2363 1.
1375 2349 1414 2354 —-

98 2372 125 2409 3,
145 2372 165 2402 6
184 2382 242 2412 que
260 2372 341 2402 sebit.
