1653 2566
667 104 926 140 —181—

147 199 198 231 3a.
214 199 239 231 Ο
265 200 293 231 si
318 208 424 240 regem
451 209 584 240 puerum

251 246 390 287 Regeret
413 249 595 291 avunculus,

251 293 353 327 Fidus
379 295 468 334 regni
493 295 628 335 bajulus,

205 341 325 373 Tantos
349 343 452 373 motus
476 343 630 373 scelerum

254 388 327 420 Non
356 389 491 420 sentiret
514 390 660 429 populus,

205 434 290 466 Belli
318 436 403 467 sitim
428 436 510 467 hanc
534 437 663 468 sedaret

205 481 292 514 Fons
319 483 481 524 virtutum,
507 484 561 523 qui
585 492 648 515 non
673 485 751 521 aret,

208 530 274 569 Quo
299 538 383 561 nunc
407 538 533 569 gemens
559 530 645 562 orbis
671 533 767 569 caret,
893 530 989 569 Quasi
1014 539 1103 562 suum
1128 530 1287 569 singulare

255 577 366 610 Comes
392 577 502 609 mundi
526 577 645 608 titulus.
941 577 1135 617 Proprieque
1158 577 1331 616 proprium.

517 635 549 666 4.
576 633 669 676 Quid,
700 634 802 674 homo,
828 633 918 664 vanis
945 633 1081 674 deditus,

618 680 708 718 Quod
732 680 794 711 nisi
818 689 932 711 vanum
954 680 1092 720 Jactitas,

616 727 698 766 Quid
723 735 808 769 opes,
836 726 913 766 quid
937 727 1096 765 nobilitaS‚

668 774 750 813 Quid
774 774 885 815 gloria,
911 774 1081 812 mundana,

575 821 670 861 CuJus
695 826 728 853 te
752 823 879 860 torquet
902 820 1048 859 ambitus,

627 869 717 907 Quod
741 868 916 899 vanitatum
941 868 1064 899 vanitas

668 915 718 947 Sit
741 916 808 946 tota
833 923 900 946 sors
927 915 1072 953 humana,

575 962 705 994 Henrici
735 961 852 1001 probat
876 962 987 994 exitus.

229 1017 311 1044 Cant.
339 1027 392 1045 ms,
418 1018 499 1044 Petri
527 1018 562 1045 de
589 1018 712 1045 Medicis
740 1024 814 1043 saec.
837 1014 880 1044 13.
922 1016 991 1044 Cod.
1014 1017 1203 1043 Laurentian.
1223 1016 1267 1042 Pl.
1294 1014 1329 1043 ‘29
1367 1016 1390 1043 l.
1419 1031 1457 1035 —

151 1056 213 1083 Das
240 1056 328 1089 Lied,
363 1055 487 1082 welches
518 1055 763 1091 Sequenzenform
793 1054 913 1087 einhalt,
945 1054 1001 1089 gilt
1025 1054 1089 1081 dem
1115 1054 1195 1081 Tode
1222 1053 1379 1081 Uenu-ielis,
1405 1053 1455 1080 des

154 1093 355 1129 Freigebigen,
377 1093 484 1122 Grafen
507 1102 562 1120 run
583 1094 778 1129 Champagne,
799 1091 819 1125 †
841 1089 922 1119 1181.

834 202 884 236 312.
900 201 1072 242 Largitatis
1098 200 1217 232 corruit

938 249 1039 280 Dulce
1065 247 1266 289 domicilium,

939 295 1048 328 Gloria
1070 295 1282 334 Trecensium,

891 343 949 382 Qui
975 342 1113 375 donandi
1138 343 1239 373 tenuit

940 389 1031 421 Solus
1059 389 1268 431 privilegium,

891 436 1013 476 Largus
1039 438 1108 468 erat
1132 436 1250 475 absque
1273 443 1360 474 pare,

892 483 951 516 Cui
977 484 1084 515 datum
1109 486 1178 514 erat
1202 483 1279 515 dare

757 1183 854 1213 254.

311 1251 354 1282 De
374 1249 466 1282 Obitu
485 1248 610 1280 Henrici
631 1248 668 1287 II,
691 1248 876 1287 Campaniae
898 1247 1021 1279 Comitis
1043 1247 1076 1278 et
1094 1246 1205 1277 matris
1229 1247 1306 1285 ejus.

893 1308 939 1340 Et
962 1309 1014 1347 pio
1039 1307 1170 1347 planctu
1194 1307 1382 1348 plangimus,

895 1356 919 1387 O
946 1356 1085 1395 gratiosa
1111 1354 1246 1387 domina.

151 1312 182 1344 1.
209 1312 395 1354 Jerusalem,
428 1310 616 1349 Jerusalem,

210 1359 296 1397 Quae
321 1357 440 1390 occidis
467 1360 498 1388 et
521 1357 656 1399 lapidaS,

208 1405 364 1444 Quamdiu
390 1407 500 1444 gentes
526 1403 665 1443 perfidas

207 1452 370 1490 Laetabis,
395 1454 497 1482 mater
520 1451 639 1491 libera,

209 1500 329 1532 Contra
353 1499 543 1539 promissum
569 1498 682 1529 literae

208 1547 335 1586 Regnat
359 1546 471 1578 haeres
497 1545 672 1586 adulterae,

209 1594 307 1626 Ridet
330 1594 419 1633 Agar
447 1593 594 1624 adultera

208 1641 303 1681 Legis
327 1640 565 1681 improperium,

210 1688 290 1727 Quia
314 1689 396 1720 risus
420 1686 561 1720 fidelium

209 1735 247 1767 In
271 1736 389 1767 luctum
414 1735 531 1766 mundo
557 1734 700 1777 vertitur,

209 1782 293 1815 Dum
317 1783 410 1822 lapsu
434 1782 522 1822 gravi
548 1781 666 1813 labitur

210 1830 380 1873 Henricus,
411 1829 523 1861 haeres
548 1829 680 1863 liberae.

152 1898 183 1930 2.
211 1896 235 1929 O
262 1896 399 1936 pessima

211 1943 358 1976 Conditio
383 1942 574 1982 mortalium,

211 1991 295 2023 Dum
323 1989 531 2022 lacrimantur
554 1988 663 2027 filium,

210 2038 361 2070 Nondum
386 2038 518 2076 repente
542 2036 676 2067 lacrima

210 2086 355 2118 Resolvit
379 2093 436 2116 nos
461 2083 622 2115 uberrima

208 2133 309 2172 Mors,
334 2133 368 2164 in
393 2131 546 2163 moeroris
571 2129 700 2162 fiumina

210 2182 249 2214 In
273 2181 367 2221 lapsu
392 2179 502 2210 matris
526 2178 673 2212 labimur.

210 2229 262 2261 Ad
287 2228 426 2260 Mariam
452 2226 673 2268 convertimur,

211 2276 312 2310 Stella
338 2277 378 2309 de
403 2283 464 2315 qua
488 2276 536 2306 tot
561 2274 680 2306 lumina

209 2324 337 2357 Nostris
362 2322 540 2355 scintillant
564 2321 708 2361 saeculis,

210 2373 301 2413 Quod
326 2372 479 2405 virtutum
506 2369 706 2402 carbunculis

210 2420 324 2455 Obtusi
353 2428 411 2452 nos
438 2417 629 2451 excedimus.

860 1438 867 1443 .
893 1412 980 1443 Mira
1003 1412 1123 1451 loquor,
1152 1410 1268 1442 cecidit

942 1458 995 1490 Sol
1019 1458 1053 1489 in
1078 1457 1208 1500 oriente,

894 1505 996 1538 Causa
1019 1505 1095 1536 solis
1121 1504 1259 1536 concidit

941 1553 979 1585 In
1005 1553 1064 1583 hoc
1088 1551 1260 1592 occidente,

894 1600 955 1631 Illa
980 1600 1102 1639 lampas
1128 1598 1327 1641 Campaniae,

893 1647 999 1679 Mater
1024 1646 1128 1678 Maria
1152 1646 1283 1685 gratiae,

894 1695 932 1726 In
958 1703 1019 1734 qua
1043 1696 1091 1725 tot
1114 1693 1282 1724 luminaria

893 1741 1006 1773 Noctis
1032 1744 1064 1772 et
1085 1740 1216 1771 umbrae
1240 1741 1358 1780 nescia,

942 1789 1004 1821 Tot
1035 1788 1148 1820 stellae
1172 1788 1275 1819 laudis
1300 1788 1457 1825 luxerant,

894 1837 984 1875 Quod
1009 1835 1092 1868 oculi
1115 1835 1305 1874 mortalium,

894 1884 1015 1915 Tantae
1044 1882 1170 1916 virtutis
1196 1882 1319 1913 radium

941 1931 980 1963 1n
1005 1931 1100 1962 vidua
1126 1938 1186 1961 non
1211 1929 1368 1961 viderant.

861 2012 868 2019 .
894 1987 977 2026 Quid
1002 1990 1050 2018 est
1074 1986 1175 2027 homo,
1202 1985 1286 2025 quod
1307 1986 1436 2025 jactitas

894 2034 939 2066 Et
963 2034 1074 2074 quibus
1099 2033 1216 2064 mundo
1239 2033 1380 2064 militas?

895 2081 1021 2121 Forma,
1048 2089 1155 2121 genus,
1183 2080 1313 2111 divitiae

897 2129 1011 2160 Valent
1035 2128 1077 2161 ad
1103 2127 1331 2167 epithaphium.

897 2175 1027 2216 Corpus,
1055 2175 1139 2215 quod
1164 2175 1266 2206 nutris
1291 2175 1396 2215 hodie,

898 2224 974 2257 Cras
997 2222 1052 2255 fiet
1078 2222 1166 2254 cibus
1192 2222 1355 2262 vermium,

895 2271 990 2311 Ecce,
1015 2273 1126 2302 nostra
1150 2270 1307 2310 conditi03

896 2318 987 2361 Vide,
1014 2327 1054 2350 ne
1078 2320 1169 2349 vacet
1196 2318 1337 2358 dextera,

896 2366 974 2406 Quia
1001 2367 1133 2398 decurso
1158 2366 1262 2397 stadio

893 2413 1032 2446 Mortem
1056 2416 1230 2453 sequuntur
1254 2422 1360 2453 opera.
