1653 2566
685 76 944 112 -103—

164 171 193 206 3.
223 170 305 209 Quid
331 171 430 205 Dario
846 172 879 207 4.
906 172 1056 206 subsidio

271 218 436 259 Regnasse
458 220 589 261 profuit,
952 222 1114 254 Fortunae
1137 221 1241 253 labilis

222 265 375 306 Pompeio
908 269 985 301 Cum
1007 270 1128 308 proelio

270 313 352 353 Quid
377 314 479 347 Roma
502 315 639 347 tribuit?
954 316 1051 355 Troja
1075 320 1151 349 tunc
1173 316 1301 358 nobilis,

223 359 397 393 Succubuit
907 362 1002 394 Nunc
1024 362 1151 405 flebilis,

270 408 416 448 Uterque
439 410 581 450 proelio;
955 410 1034 442 Ruit
1055 411 1218 453 incendio3

224 455 388 496 Eligerem
909 457 985 495 Quis
1009 459 1169 499 sanguims

268 503 381 535 Media
404 505 503 537 tutius
956 505 1087 545 Trojani
1111 506 1254 549 gratiam,

224 549 294 581 Nec
317 553 460 589 peterem
910 551 985 590 Quis
1012 553 1147 584 nominis

273 597 366 630 Celsa
389 598 565 637 sublimius,
958 598 1072 631 Gracci
1094 599 1285 639 facundiam,

224 644 275 676 Ne
299 645 427 686 gravius
911 646 986 685 Quis
1014 646 1148 686 gloriam

271 692 302 723 A
327 700 435 724 somno
464 700 608 731 ruerem3
956 692 1068 733 Fregit
1093 693 1316 734 Carthaginis?

224 738 280 770 Fit
301 739 430 779 gravior
911 739 986 772 Sors
1011 740 1145 780 lubrica,

272 785 398 825 Lapsus
424 796 443 818 a
467 786 592 826 superis
958 787 1044 825 Quae
1069 789 1167 829 dedit,
1194 788 1335 830 abstulit,

224 833 269 865 Et
294 833 404 865 durior
909 834 999 866 Haec
1025 836 1128 876 unica,

270 880 322 912 Ab
348 881 427 920 ipsis
453 881 585 921 asperis.
955 881 1041 920 Quae
1065 882 1155 923 fovit,
1180 883 1327 922 perculit.

564 967 595 999 5.
622 965 678 996 Nil
705 966 826 1005 gratius

667 1012 830 1044 Fortunae
854 1013 966 1053 gratia,

620 1058 675 1091 Nil
703 1059 825 1091 dulcius

668 1106 757 1138 Inter
780 1107 860 1138 haec
884 1106 1001 1148 dulcia,

621 1154 656 1186 Si
683 1154 794 1194 gloria,

670 1200 704 1232 Si
729 1203 829 1232 staret
852 1201 997 1241 longius3

621 1248 685 1280 Sed
708 1248 828 1280 labitur

671 1296 718 1328 Ut
741 1296 809 1328 olus
836 1295 1009 1327 marcidum

620 1342 666 1375 Et
689 1343 831 1382 sequitur

669 1390 789 1430 Agrum
815 1398 900 1421 nunc
920 1388 1077 1434 floridum,

623 1437 721 1475 Quem
746 1437 870 1468 aridum

671 1484 748 1516 Cras
776 1493 904 1524 cernes3
929 1485 1027 1525 igitur

620 1532 834 1572 improprium

668 1579 742 1611 Non
767 1579 825 1611 edo
852 1579 1008 1611 canticum

621 1628 659 1660 In
685 1627 806 1659 varium

670 1674 832 1706 Fortunae
856 1674 1022 1707 lubricum.

244 1769 313 1797 Cocl.
335 1768 477 1798 Oxonien.
502 1769 683 1797 Rawlinson.
712 1768 734 1796 C
761 1766 825 1796 510.
852 1776 928 1796 saec.
955 1765 999 1795 13.
1023 1768 1057 1795 A.
1083 1784 1120 1788 —
1149 1770 1231 1797 Cant.
1257 1779 1310 1798 ms.
1337 1771 1418 1799 Petri
1444 1771 1478 1799 de

164 1808 288 1836 Medicis
315 1816 391 1835 saec.
419 1806 464 1836 13.
505 1808 574 1836 Cod.
597 1808 787 1835 Laurentian.
808 1806 853 1834 Pl.
881 1804 927 1834 29.
956 1805 981 1834 1.
1002 1806 1036 1833 Β.
1060 1822 1098 1828 —
1120 1807 1213 1835 Carm.
1233 1809 1303 1837 Bur.
1322 1808 1368 1836 45.
1391 1809 1420 1836 G.
1442 1823 1478 1827 —

165 1847 189 1873 Β
209 1846 263 1873 hat
283 1855 340 1873 nur
362 1847 427 1874 eine
441 1846 575 1880 Strophe.
600 1861 630 1867 -ι
655 1843 680 1879 1,
701 1843 721 1872 4
736 1844 880 1880 judicium
900 1853 993 1880 geg-en
1013 1845 1069 1872 den
1082 1847 1167 1874 Reim
1189 1847 1220 1873 C.
1234 1861 1272 1865 —
1294 1845 1318 1879 1,
1342 1846 1376 1875 10
1387 1848 1480 1875 Rotae

167 1884 279 1911 similia
300 1884 335 1910 A.
366 1899 402 1903 -
430 1883 461 1918 1,
490 1883 525 1911 12
545 1885 656 1911 Tamen
681 1885 870 1919 praepostere
890 1883 924 1910 A.
950 1899 986 1902 —
1014 1881 1047 1917 2,
1079 1882 1115 1911 13
1140 1894 1182 1921 sq.
1208 1885 1268 1912 und
1296 1884 1330 1913 15
1354 1894 1397 1921 sq.
1418 1895 1479 1912 um-

165 1921 286 1957 gestellt
308 1920 337 1948 C.
365 1936 402 1940 —
423 1921 480 1949 Str.
501 1920 519 1950 3
539 1922 636 1949 hinter
655 1920 675 1949 4
696 1921 727 1949 O.
747 1936 785 1940 —
804 1918 837 1956 3,
859 1919 876 1948 6
896 1921 1028 1957 Uterque
1046 1921 1145 1957 gladio
1168 1922 1197 1949 O.
1218 1937 1255 1941 ——
1275 1921 1301 1958 3:
1324 1923 1340 1949 7
1360 1924 1479 1958 Eligerf·

169 1961 201 1987 (J.
222 1973 259 1978 -—
280 1956 307 1993 3,
329 1957 345 1986 9
367 1959 461 1993 Quam
480 1962 580 1996 petere
601 1959 631 1987 C.
655 1974 690 1977 —
711 1956 737 1992 3,
760 1957 795 1986 10
814 1960 908 1986 Rotae
927 1959 1066 1986 sublimia
1087 1962 1118 1986 C.
1139 1975 1176 1979 --
1196 1958 1223 1994 3,
1247 1959 1280 1987 11
1301 1961 1342 1988 Et
1359 1965 1479 1997 grai-ms

170 1998 201 2026 C.
218 2011 254 2016 —
268 1994 295 2031 3,
318 1995 354 2025 12
368 2006 452 2025 ruere
467 1998 498 2025 C.
514 2012 550 2016 --
564 1995 591 2030 3,
614 1994 649 2024 13
664 2005 726 2032 sqq.
742 1997 843 2024 lauten
855 1998 885 2023 in
902 1996 924 2023 C
937 1998 992 2023 mit
1004 1996 1189 2030 schleehtem,
1212 1999 1480 2036 beziehungsweise

167 2035 372 2072 mangelndem
392 2037 477 2064 Reim
496 2035 556 2063 und
575 2034 710 2062 fehlende
731 2035 836 2062 Cisur:

587 2083 689 2111 Omnis
710 2083 761 2118 qui
781 2090 813 2109 se
833 2081 945 2109 exaltat
963 2081 1059 2115 hodie,

588 2120 659 2148 Cras
679 2120 883 2148 humiliabitur
905 2121 1020 2148 misere.

166 2169 195 2204 4,
216 2168 234 2198 3
249 2170 308 2198 Cur
329 2169 442 2205 proelio
458 2169 488 2196 C.
509 2184 548 2188 —
566 2166 593 2201 4,
614 2167 634 2196 4
646 2168 736 2203 Troja
747 2168 808 2203 jam
829 2168 938 2196 nobilis
956 2168 986 2195 C.
1007 2184 1046 2188 —
1063 2168 1090 2204 4,
1112 2168 1129 2197 6
1143 2170 1230 2198 Jacet
1248 2170 1383 2198 incendio
1400 2170 1429 2198 0,
1445 2186 1482 2190 —

165 2208 193 2243 4,
220 2206 239 2236 8
258 2206 387 2236 Romani
411 2209 536 2244 gratiam
558 2206 588 2234 C.
618 2224 636 2227 —
674 2206 731 2234 Str.
757 2205 776 2233 5
799 2206 874 2233 fehlt
893 2206 923 2234 C.
947 2222 984 2226 ———
1003 2206 1030 2234 A
1055 2209 1139 2244 giebt
1163 2209 1211 2236 die
1230 2209 1405 2236 Ausschrifc:
1434 2210 1481 2237 De

166 2246 360 2275 multitudine
379 2246 522 2274 fortunae.
