1653 2566
655 94 916 131 -183—

141 187 345 231 2a2Sanctae
370 189 471 221 crucis
498 189 637 222 exaltata
815 192 867 226 2b.
881 193 1011 235 Plange‚
1039 192 1149 225 civitas
1173 192 1366 235 sanguinum,

256 235 457 275 Triumphali
480 237 615 278 nomine,
930 240 1066 279 Indigna
1091 239 1192 271 crucis
1215 240 1318 279 titulo,

208 282 361 315 Passione
384 286 537 315 renovata
883 287 945 318 Pro
970 287 1126 327 gravitate
1150 287 1314 319 criminum

255 329 340 362 Fuso
367 330 446 361 cleri
469 330 621 370 sanguine
929 333 1035 373 Digna
1060 333 1160 365 crucis
1188 332 1341 378 patibulo,

209 376 360 408 Sanctum
383 385 498 409 nomen
522 377 674 417 polluisti,
883 380 1006 412 Nomen
1031 381 1140 420 perdis
1166 384 1295 413 sanctae
1317 381 1430 420 crucis,

208 424 363 456 Occidisti
387 432 496 456 servos
522 424 650 465 Christi,
882 427 988 467 Digna
1014 434 1106 459 cruce
1130 436 1252 467 poenae
1275 429 1383 467 trucis,

209 470 292 509 Quos
313 479 442 503 servare
467 471 605 503 debuisti
885 498 1419 510 ..........

256 519 286 549 A
310 518 476 550 turbarum
500 518 635 550 turbine.
920 520 1058 560 Capitali
1082 522 1219 561 piaculo.

139 576 191 608 3a.
206 573 293 606 Urbs
319 574 413 606 beata
438 575 590 614 parisius,
817 576 869 609 31³.
882 576 995 609 Studio
1020 577 1107 609 Iocus
1131 578 1289 620 proprius,

207 622 245 653 In
271 630 333 660 qua
357 622 385 652 si
408 625 521 662 peccet
545 622 671 665 impius,
885 624 969 656 Civis
996 624 1080 656 clero
1104 626 1270 668 propitius,

257 668 387 701 Ultione
411 669 589 707 redimitur,
930 671 984 702 Ad
1009 679 1101 710 quam
1125 672 1232 704 redire
1258 671 1389 711 cogitur,

302 715 463 755 Quidquid
487 716 595 754 inique
619 716 762 756 gesserit,
978 717 1124 758 Quisquis
1149 718 1189 751 ab
1214 727 1251 750 ea
1275 717 1402 759 fugerit.

215 789 297 816 Cant.
322 798 376 816 ms.
403 789 484 817 Petri
509 789 545 816 (le
569 789 692 817 Medicis
722 797 797 817 saec.
820 787 863 817 13.
905 790 973 818 Cod.
1002 791 1191 819 Laurentian.
1211 792 1256 819 Pl.
1283 789 1328 818 29.
1356 791 1381 819 1.
1410 806 1447 810 —

137 827 416 893 {gffissotdssfflldfflf
433 828 481 855 die
501 827 642 855 Unruhen
663 828 695 854 in
716 827 853 863 Orldam,
884 826 969 862 1236,
989 830 1021 855 in
1042 827 1135 857 denen
1155 837 1193 857 an
1214 827 1267 857 100
1288 828 1448 857 Studenten

747 988 841 1018 252

672 1060 752 1091 Laus
777 1060 909 1092 Galliae.

140 1142 171 1175 1.
197 1141 248 1173 De
272 1143 367 1180 rupta
390 1140 543 1180 rupecula
822 1140 853 1172 2.
878 1140 1080 1173 Pictavorum
1113 1139 1231 1171 idolum

196 1188 297 1220 Grata
319 1186 420 1219 fluunt
443 1187 568 1226 pocula,
880 1186 953 1218 Non
977 1187 1104 1226 expavit
1131 1186 1277 1218 Carolum

246 1234 378 1267 Cirrhae
401 1235 553 1274 propinat
577 1233 679 1274 Nysa,
925 1233 970 1265 Et
994 1234 1102 1265 tremit
1127 1233 1333 1270 Ludovicum,

195 1282 249 1314 Ad
274 1281 460 1315 Cirrhaeum
485 1281 637 1313 verticem
879 1280 1020 1312 Damnat
1048 1282 1148 1313 civem
1173 1281 1351 1317 subdolum,

194 1329 284 1369 Nysa
308 1328 427 1361 Bacchi
453 1329 584 1360 calicem
878 1327 1082 1360 Desertorem
1110 1328 1283 1369 dyscolum,

242 1376 335 1416 Rupe
358 1375 458 1407 mittit
483 1376 606 1416 excisa3
924 1377 1064 1407 Accusat
1089 1374 1282 1413 Savaricum‚

194 1424 263 1456 Deo
288 1423 464 1463 sapientiae
880 1421 1007 1460 Dicens,
1035 1425 1173 1454 castrum
1198 1422 1314 1460 nobile,

195 1471 283 1503 Deus
307 1471 414 1510 placet
438 1470 556 1509 copiae,
878 1468 985 1510 Forte,
1011 1469 1146 1506 firmum,
1173 1468 1280 1500 fertile

243 1517 391 1549 Phoebus
416 1517 542 1550 Baccho
567 1517 714 1556 laetatur,
925 1516 1008 1555 Quid
1033 1517 1136 1556 potuit
1159 1517 1296 1548 timere?

194 1565 285 1597 Nihil
311 1564 543 1604 congruentius,
881 1564 1026 1596 Castrum
1054 1564 1134 1595 nulli
1158 1564 1261 1595 simile

195 1613 293 1652 Quam
319 1611 403 1652 qued
428 1612 475 1643 sic
499 1611 639 1643 Parisius
878 1611 972 1643 Fecit
994 1610 1204 1651 expugnabile

241 1659 446 1692 Parnassium
470 1660 618 1692 mutatur.
925 1658 1072 1690 varietas
1097 1659 1280 1698 pantherae.

500 1727 530 1758 3.
557 1724 658 1757 Terra
682 1723 800 1756 Bacchi
824 1723 972 1765 Francia,

556 1772 679 1812 Moysis
705 1774 754 1803 est
776 1771 912 1811 Anglia3

604 1819 753 1859 Quid,de
777 1826 856 1858 rupe
880 1819 991 1850 vinosa

557 1866 684 1898 Attinet
707 1866 749 1898 ad
773 1865 947 1905 Angliam‘?

556 1912 655 1946 Fluat
678 1913 757 1944 haec
782 1913 823 1944 ad
845 1913 1023 1955 Franciam,

603 1960 658 1992 Ad
684 1960 767 1992 hano
790 1968 886 1998 rupes
910 1968 1038 1999 aquosa.

558 2007 717 2047 Quidquid
742 2008 814 2047 ipsa
836 2007 938 2038 maria

557 2053 711 2086 Limitant
736 2053 872 2086 confinia

602 2102 756 2141 Magnum
782 2102 876 2133 chaos
900 2100 1055 2142 firmatur,

555 2149 692 2190 Angliae
717 2148 852 2181 cervisia

556 2196 657 2237 Lyaei
681 2196 804 2228 laetitia

602 2244 761 2277 Franciae
785 2247 963 2283 superatur.

211 2324 294 2353 Cant.
316 2330 369 2350 ms.
389 2321 471 2349 Petri
491 2320 526 2347 cle
540 2318 664 2347 Medicis
685 2326 760 2346 saec.
783 2315 826 2345 13.
852 2318 920 2346 Cod.
935 2318 1125 2345 Laurentiau.
1147 2316 1191 2343 ΡΙ.
1211 2313 1257 2342 29.
1281 2313 1305 2342 1.
1326 2331 1358 2335 -
1379 2314 1403 2349 1,
1425 2313 1442 2343 Β»

132 2366 216 2394 Cirre
235 2362 374 2399 propinat
392 2360 467 2388 nisa.
489 2373 524 2377 —
548 2355 572 2391 1,
595 2355 630 2385 12
651 2357 835 2384 Parnasium.
