1653 2566
659 76 916 112 —119—

138 164 194 198 19.
218 164 291 198 Lux
315 167 547 207 intelligentiae

216 213 335 253 Palpat
356 215 390 247 in
414 218 559 259 meridie,

261 260 389 294 Dubiae

311 309 406 343 Cedit
428 311 618 352 imperitiae.

133 391 188 425 20.
216 390 335 425 Gustus
355 394 531 436 sapientiae

214 438 318 472 Error
340 440 377 473 fit
401 443 564 484 stultitiae,

262 486 367 519 Fatue

311 534 404 575 Sapit
433 539 465 568 et
488 537 643 578 ambigue.

132 618 188 650 21.
216 618 346 659 Septem
371 622 552 660 septenario

214 665 308 699 Dona
332 671 428 699 ruunt
450 669 539 712 vitio,

266 713 383 746 Gladio

310 762 475 794 Excidunt
498 763 531 795 in
556 764 689 803 proelio.

818 176 872 208 22.
899 174 1026 207 Sterilis
1051 174 1208 215 contritio,

898 221 1033 254 Flebilis
1056 221 1210 255 confessio

944 269 1104 313 Perditur‚

991 316 1158 349 Clauditur
1180 315 1317 349 silentio.

816 401 871 433 23.
896 400 996 432 Dolor
1020 401 1241 441 poenitentiae,

897 447 1006 479 Pudor
1029 448 1240 480 verecundiae

945 495 1093 537 Pereunt,

992 541 1142 573 Redeunt
1164 541 1315 574 malitiae.

819 627 874 659 24.
901 625 983 658 Caro
1007 626 1108 659 vineit
1130 627 1287 668 spiritum,

900 673 1022 705 Nititur
1045 673 1078 705 in
1103 674 1245 714 vetitum,

948 720 1098 752 Debitum

995 767 1110 799 Trahit
1132 768 1175 800 ad
1198 767 1370 798 interitum.

533 850 589 882 25.
617 848 788 881 Gehennae
812 851 971 890 supplicia

614 895 733 936 Culpae
757 901 831 929 sunt
854 898 1024 939 stipendia,

661 943 772 975 Gratia

709 990 838 1023 Gloriae
862 991 918 1022 dat
940 991 1093 1030 praemia.

211 1080 281 1107 Cod.
296 1081 460 1111 Londinen.
474 1081 522 1117 Eg
523 1084 606 1110 erton
625 1081 713 1110 274<
700 1091 775 1111 s.aec
798 1081 841 1111 13.
863 1099 902 1104 —
920 1082 979 1117 4,1
999 1086 1028 1111 et
1040 1083 1120 1111 fehlt.
1135 1098 1171 1103 —
1185 1082 1211 1117 6,
1224 1082 1389 1119 41ngemit.
1403 1097 1419 1101 -

133 1116 160 1152 7,
181 1115 199 1145 3
219 1118 288 1145 Lies
312 1118 441 1146 Gravia?
461 1134 499 1139 —
502 1090 565 1154 g,17
585 1118 605 1148 4
625 1120 733 1148 Deficit
750 1121 832 1148 fehlt.
852 1137 889 1141 —
910 1119 956 1156 20,
972 1119 987 1148 1
1008 1121 1120 1149 Justus.
1139 1137 1178 1142 —
1197 1104 1243 1155 2'3,
1259 1120 1273 1148 1
1295 1121 1390 1148 Ο)1ω.
1402 1134 1441 1140 -

134 1138 179 1189 2⁵5,
200 1154 220 1182 4
239 1156 334 1183 datm.
354 1171 391 1175 -
411 1140 567 1185 Verfasser
586 1158 742 1195 Philippus
762 1159 795 1186 de
819 1159 935 1187 Grevia.

589 1345 632 1376 De
650 1345 838 1376 necessitate
859 1344 995 1384 gratiae.

742 1439 837 1471 122.

136 1538 165 1571 1.
192 1537 252 1577 Qui
277 1538 435 1571 seminant
456 1538 489 1570 in
514 1539 655 1572 lac-rimis

192 1585 238 1617 Et
262 1586 372 1617 azimis

242 1632 392 1665 Sincerae
417 1634 638 1673 eonscientiae,

193 1679 398 1713 Fermentum
425 1681 538 1721 eulpae
562 1682 679 1714 veteris

242 1728 428 1760 Permutant
452 1731 484 1760 et
505 1729 655 1772 malitiae,

241 1776 286 1808 Hi
307 1776 429 1816 gratiae

196 1822 237 1854 Se
253 1826 458 1864 praeparant,
482 1833 544 1864 qua
557 1824 667 1856 lateris

242 1870 325 1902 Luto
350 1872 486 1910 projecti
511 1872 597 1903 soliti

242 1917 379 1949 Emeriti

244 1964 406 2004 Maniplos
430 1968 561 2005 portent
584 1966 714 2005 gloriae.

137 2012 180 2045 R0
194 2012 257 2044 Per
281 2015 385 2044 motus
410 2021 484 2052 ergo
510 2012 660 2052 singulos,

245 2060 313 2100 Vis,
340 2059 402 2091 viri
424 2059 503 2099 legis
528 2059 643 2091 aemuli

198 2108 340 2141 Cernens
364 2107 463 2138 allide
486 2107 637 2146 parvulos

244 2155 299 2187 Ad
324 2156 437 2196 petrae
460 2154 544 2186 latus
571 2154 688 2194 anguli,

198 2203 268 2235 Nee
292 2201 437 2234 faucibus
462 2201 637 2234 adhaereat

245 2250 380 2291 Lingua,
390 2250 447 2282 sed
455 2258 546 2289 quem
554 2258 622 2280 cum
628 2248 764 2289 veneris,

199 2299 246 2333 Ut
269 2307 389 2340 pravus
414 2300 517 2329 motus
541 2298 661 2340 pereat,

244 2346 425 2382 Jerusalem
449 2344 641 2377 memineris.

821 1540 852 1571 2.
878 1538 1024 1570 Hominis
1050 1542 1099 1571 est
1114 1539 1272 1579 miseriae,

878 1586 1025 1618 Zizaniae

925 1633 1039 1666 Semen
1064 1634 1171 1674 granis
1196 1634 1354 1674 interseri,

879 1680 948 1713 Nee
971 1690 1082 1713 manus
1106 1681 1207 1713 hostis
1232 1681 1333 1713 invidi

925 1729 1037 1760 Potest
1060 1729 1102 1761 ad
1126 1729 1255 1768 plenum
1280 1729 1410 1771 conteri,

927 1776 1009 1814 Quin
1034 1777 1135 1808 teneri

879 1823 1038 1862 Quiddam
1061 1824 1211 1856 sementis
1227 1823 1350 1855 sordidi

928 1870 1055 1903 Culmus
1080 1871 1234 1911 adjungat
1258 1871 1386 1913 stipitis,

925 1917 1010 1949 Dum
1035 1918 1148 1958 eapitis

927 1964 994 1996 Nos
1018 1965 1108 1996 timet
1132 1973 1201 1996 esse
1224 1965 1328 1999 liberi.

821 2012 865 2044 R0
883 2011 945 2043 Per
968 2014 1071 2043 motus
1100 2020 1173 2051 ergo
1198 2012 1348 2052 singuloS,

928 2058 994 2100 Vis,
1021 2058 1082 2090 viri
1105 2059 1185 2098 legis
1210 2059 1325 2090 aemuli

883 2105 1021 2138 Cernens
1046 2105 1144 2138 allide
1168 2107 1319 2147 parvulos

928 2153 982 2185 Ad
1006 2155 1119 2192 petrae
1142 2153 1226 2185 latus
1251 2154 1369 2194 auguli,

881 2200 951 2232 Nec
975 2198 1118 2233 faucibus
1143 2200 1317 2233 adhaereat

928 2247 1062 2288 Lingua,
1072 2249 1129 2280 sed
1136 2257 1228 2288 quem
1234 2257 1304 2280 eum
1309 2250 1445 2294 veneris,

882 2296 929 2329 Ut
951 2304 1070 2335 pravus
1094 2298 1198 2328 motus
1221 2298 1342 2336 pereat,

928 2342 1104 2376 Jerusalem
1128 2344 1319 2380 memineris.
