<?xml version="1.0" encoding="UTF-8"?>
<!DOCTYPE html PUBLIC "-//W3C//DTD XHTML 1.0 Transitional//EN"
    "http://www.w3.org/TR/xhtml1/DTD/xhtml1-transitional.dtd">
<html xmlns="http://www.w3.org/1999/xhtml" xml:lang="en" lang="en">
 <head>
  <title>
</title>
<meta http-equiv="Content-Type" content="text/html;charset=utf-8" />
  <meta name='ocr-system' content='tesseract 3.04.00' />
  <meta name='ocr-capabilities' content='ocr_page ocr_carea ocr_par ocr_line ocrx_word'/>
</head>
<body>
  <div class='ocr_page' id='page_1' title='image "./analectahymnica21drevuoft_00153.png"; bbox 0 0 1653 2564; ppageno 0'>
   <div class='ocr_carea' id='block_1_1' title="bbox 718 116 974 150">
    <p class='ocr_par' dir='ltr' id='par_1_1' title="bbox 718 116 974 150">
     <span class='ocr_line' id='line_1_1' title="bbox 718 116 974 150; baseline 0 0"><span class='ocrx_word' id='word_1_1' title='bbox 718 116 974 150; x_wconf 84' lang='lat'>—152—</span> 
     </span>
    </p>
   </div>
   <div class='ocr_carea' id='block_1_2' title="bbox 194 209 1374 530">
    <p class='ocr_par' dir='ltr' id='par_1_2' title="bbox 194 209 1374 530">
     <span class='ocr_line' id='line_1_2' title="bbox 194 209 1316 252; baseline -0.003 -9"><span class='ocrx_word' id='word_1_2' title='bbox 194 213 225 244; x_wconf 84' lang='lat'>5.</span> <span class='ocrx_word' id='word_1_3' title='bbox 250 210 353 251; x_wconf 83' lang='lat' dir='ltr'>Leges</span> <span class='ocrx_word' id='word_1_4' title='bbox 377 210 480 252; x_wconf 85' lang='lat' dir='ltr'>silent,</span> <span class='ocrx_word' id='word_1_5' title='bbox 504 209 577 249; x_wconf 81' lang='lat' dir='ltr'>jura</span> <span class='ocrx_word' id='word_1_6' title='bbox 601 212 705 241; x_wconf 82' lang='lat' dir='ltr'>tacent</span> <span class='ocrx_word' id='word_1_7' title='bbox 875 212 904 242; x_wconf 68' lang='grc' dir='ltr'>Ρ).</span> <span class='ocrx_word' id='word_1_8' title='bbox 929 210 1063 242; x_wconf 78' lang='lat' dir='ltr'>Novitas</span> <span class='ocrx_word' id='word_1_9' title='bbox 1089 209 1212 248; x_wconf 79' lang='lat' dir='ltr'>signata</span> <span class='ocrx_word' id='word_1_10' title='bbox 1234 209 1316 240; x_wconf 85' lang='lat' dir='ltr'>mire</span> 
     </span>
     <span class='ocr_line' id='line_1_3' title="bbox 299 255 1374 299; baseline -0.003 -10"><span class='ocrx_word' id='word_1_11' title='bbox 299 258 394 289; x_wconf 84' lang='lat' dir='ltr'>Nullo</span> <span class='ocrx_word' id='word_1_12' title='bbox 420 256 502 288; x_wconf 77' lang='lat' dir='ltr'>fulta,</span> <span class='ocrx_word' id='word_1_13' title='bbox 525 256 643 297; x_wconf 83' lang='lat' dir='ltr'><strong>stipite,</strong></span> <span class='ocrx_word' id='word_1_14' title='bbox 977 257 1039 289; x_wconf 82' lang='lat' dir='ltr'>Est</span> <span class='ocrx_word' id='word_1_15' title='bbox 1061 255 1095 286; x_wconf 91' lang='lat' dir='ltr'>iu</span> <span class='ocrx_word' id='word_1_16' title='bbox 1120 264 1215 287; x_wconf 82' lang='lat' dir='ltr'>causa</span> <span class='ocrx_word' id='word_1_17' title='bbox 1238 255 1374 299; x_wconf 83' lang='lat' dir='ltr'>Romuli,</span> 
     </span>
     <span class='ocr_line' id='line_1_4' title="bbox 251 300 1309 343; baseline -0.004 -7"><span class='ocrx_word' id='word_1_18' title='bbox 251 304 360 336; x_wconf 83' lang='lat' dir='ltr'>Luxus</span> <span class='ocrx_word' id='word_1_19' title='bbox 386 306 419 335; x_wconf 78' lang='lat' dir='ltr'>et</span> <span class='ocrx_word' id='word_1_20' title='bbox 441 304 555 343; x_wconf 82' lang='lat' dir='ltr'>rapina</span> <span class='ocrx_word' id='word_1_21' title='bbox 578 303 705 341; x_wconf 79' lang='lat' dir='ltr'>placent</span> <span class='ocrx_word' id='word_1_22' title='bbox 931 302 965 334; x_wconf 87' lang='lat' dir='ltr'>Si</span> <span class='ocrx_word' id='word_1_23' title='bbox 990 303 1039 334; x_wconf 85' lang='lat' dir='ltr'>vis</span> <span class='ocrx_word' id='word_1_24' title='bbox 1063 304 1151 333; x_wconf 80' lang='lat' dir='ltr'>recte</span> <span class='ocrx_word' id='word_1_25' title='bbox 1176 300 1309 333; x_wconf 84' lang='lat' dir='ltr'>definire</span> 
     </span>
     <span class='ocr_line' id='line_1_5' title="bbox 298 348 1373 393; baseline -0.004 -10"><span class='ocrx_word' id='word_1_26' title='bbox 298 352 337 383; x_wconf 90' lang='lat' dir='ltr'>In</span> <span class='ocrx_word' id='word_1_27' title='bbox 365 351 426 383; x_wconf 84' lang='lat' dir='ltr'>hoc</span> <span class='ocrx_word' id='word_1_28' title='bbox 448 351 558 382; x_wconf 85' lang='lat' dir='ltr'>mundi</span> <span class='ocrx_word' id='word_1_29' title='bbox 583 350 718 393; x_wconf 86' lang='lat' dir='ltr'>tramite,</span> <span class='ocrx_word' id='word_1_30' title='bbox 980 349 1138 381; x_wconf 79' lang='lat' dir='ltr'>circulum</span> <span class='ocrx_word' id='word_1_31' title='bbox 1162 348 1373 388; x_wconf 81' lang='lat' dir='ltr'>quadranguli</span> 
     </span>
     <span class='ocr_line' id='line_1_6' title="bbox 298 395 1270 439; baseline -0.003 -10"><span class='ocrx_word' id='word_1_32' title='bbox 298 397 397 429; x_wconf 85' lang='lat' dir='ltr'>Errat</span> <span class='ocrx_word' id='word_1_33' title='bbox 420 397 511 436; x_wconf 84' lang='lat' dir='ltr'>plebs</span> <span class='ocrx_word' id='word_1_34' title='bbox 537 405 606 428; x_wconf 85' lang='lat' dir='ltr'>cum</span> <span class='ocrx_word' id='word_1_35' title='bbox 630 397 739 439; x_wconf 89' lang='lat' dir='ltr'>milite,</span> <span class='ocrx_word' id='word_1_36' title='bbox 982 396 1119 428; x_wconf 82' lang='lat' dir='ltr'>Ratione</span> <span class='ocrx_word' id='word_1_37' title='bbox 1147 395 1270 437; x_wconf 88' lang='lat' dir='ltr'>calculi,</span> 
     </span>
     <span class='ocr_line' id='line_1_7' title="bbox 251 442 1340 484; baseline -0.004 -8"><span class='ocrx_word' id='word_1_38' title='bbox 251 443 454 484; x_wconf 86' lang='lat' dir='ltr'>Lapidesque</span> <span class='ocrx_word' id='word_1_39' title='bbox 477 444 578 475; x_wconf 89' lang='lat' dir='ltr'>sancti</span> <span class='ocrx_word' id='word_1_40' title='bbox 599 444 708 483; x_wconf 85' lang='lat' dir='ltr'>jacent</span> <span class='ocrx_word' id='word_1_41' title='bbox 935 443 1054 475; x_wconf 80' lang='lat' dir='ltr'>Romae</span> <span class='ocrx_word' id='word_1_42' title='bbox 1081 445 1172 481; x_wconf 85' lang='lat' dir='ltr'>potes</span> <span class='ocrx_word' id='word_1_43' title='bbox 1196 442 1340 474; x_wconf 89' lang='lat' dir='ltr'>invenire</span> 
     </span>
     <span class='ocr_line' id='line_1_8' title="bbox 299 489 1360 530; baseline -0.004 -6"><span class='ocrx_word' id='word_1_44' title='bbox 299 492 338 524; x_wconf 87' lang='lat' dir='ltr'>In</span> <span class='ocrx_word' id='word_1_45' title='bbox 362 493 414 523; x_wconf 83' lang='lat' dir='ltr'>via</span> <span class='ocrx_word' id='word_1_46' title='bbox 439 499 507 522; x_wconf 91' lang='lat' dir='ltr'>cum</span> <span class='ocrx_word' id='word_1_47' title='bbox 534 491 646 530; x_wconf 85' lang='lat' dir='ltr'>capite.</span> <span class='ocrx_word' id='word_1_48' title='bbox 983 489 1214 529; x_wconf 72' lang='lat' dir='ltr'>Quadraturam</span> <span class='ocrx_word' id='word_1_49' title='bbox 1241 489 1360 520; x_wconf 86' lang='lat' dir='ltr'>circuli.</span> 
     </span>
    </p>
   </div>
   <div class='ocr_carea' id='block_1_3' title="bbox 537 545 1125 862">
    <p class='ocr_par' dir='ltr' id='par_1_3' title="bbox 537 545 1125 862">
     <span class='ocr_line' id='line_1_9' title="bbox 537 545 1089 587; baseline -0.005 -7"><span class='ocrx_word' id='word_1_50' title='bbox 537 549 568 581; x_wconf 75' lang='lat'>7,</span> <span class='ocrx_word' id='word_1_51' title='bbox 592 547 697 579; x_wconf 85' lang='lat' dir='ltr'>Bursa</span> <span class='ocrx_word' id='word_1_52' title='bbox 721 546 880 587; x_wconf 81' lang='lat' dir='ltr'>quadrans</span> <span class='ocrx_word' id='word_1_53' title='bbox 906 549 954 577; x_wconf 83' lang='lat' dir='ltr'>est</span> <span class='ocrx_word' id='word_1_54' title='bbox 977 545 1089 587; x_wconf 88' lang='lat' dir='ltr'>figura,</span> 
     </span>
     <span class='ocr_line' id='line_1_10' title="bbox 641 593 941 636; baseline -0.007 -10"><span class='ocrx_word' id='word_1_55' title='bbox 641 594 783 626; x_wconf 86' lang='lat' dir='ltr'>Circulus</span> <span class='ocrx_word' id='word_1_56' title='bbox 810 593 941 636; x_wconf 85' lang='lat' dir='ltr'>denarii,</span> 
     </span>
     <span class='ocr_line' id='line_1_11' title="bbox 591 640 1125 680; baseline -0.002 -7"><span class='ocrx_word' id='word_1_57' title='bbox 591 641 686 680; x_wconf 77' lang='lat' dir='ltr'>Quem</span> <span class='ocrx_word' id='word_1_58' title='bbox 714 642 788 673; x_wconf 85' lang='lat' dir='ltr'>dum</span> <span class='ocrx_word' id='word_1_59' title='bbox 812 641 924 673; x_wconf 78' lang='lat' dir='ltr'>bursat</span> <span class='ocrx_word' id='word_1_60' title='bbox 947 640 1125 680; x_wconf 82' lang='lat' dir='ltr'>bursatura,</span> 
     </span>
     <span class='ocr_line' id='line_1_12' title="bbox 638 688 986 728; baseline -0.006 -8"><span class='ocrx_word' id='word_1_61' title='bbox 638 688 769 728; x_wconf 82' lang='lat' dir='ltr'>Signum</span> <span class='ocrx_word' id='word_1_62' title='bbox 791 691 840 720; x_wconf 77' lang='lat' dir='ltr'>est</span> <span class='ocrx_word' id='word_1_63' title='bbox 863 688 986 727; x_wconf 88' lang='lat' dir='ltr'>iudicii,</span> 
     </span>
     <span class='ocr_line' id='line_1_13' title="bbox 640 734 998 774; baseline -0.003 -7"><span class='ocrx_word' id='word_1_64' title='bbox 640 735 730 774; x_wconf 78' lang='lat' dir='ltr'>Quod</span> <span class='ocrx_word' id='word_1_65' title='bbox 755 738 863 774; x_wconf 86' lang='lat' dir='ltr'>patres</span> <span class='ocrx_word' id='word_1_66' title='bbox 884 738 916 767; x_wconf 83' lang='lat' dir='ltr'>et</span> <span class='ocrx_word' id='word_1_67' title='bbox 939 734 998 766; x_wconf 90' lang='lat' dir='ltr'>filii</span> 
     </span>
     <span class='ocr_line' id='line_1_14' title="bbox 592 781 982 814; baseline -0.003 0"><span class='ocrx_word' id='word_1_68' title='bbox 592 781 777 814; x_wconf 75' lang='lat' dir='ltr'>solidantur</span> <span class='ocrx_word' id='word_1_69' title='bbox 801 783 862 814; x_wconf 89' lang='lat' dir='ltr'>hac</span> <span class='ocrx_word' id='word_1_70' title='bbox 885 791 982 814; x_wconf 87' lang='lat' dir='ltr'>usura</span> 
     </span>
     <span class='ocr_line' id='line_1_15' title="bbox 638 829 989 862; baseline 0.003 -2"><span class='ocrx_word' id='word_1_71' title='bbox 638 830 677 861; x_wconf 88' lang='lat' dir='ltr'>In</span> <span class='ocrx_word' id='word_1_72' title='bbox 699 829 854 861; x_wconf 85' lang='lat' dir='ltr'>fermento</span> <span class='ocrx_word' id='word_1_73' title='bbox 878 829 989 862; x_wconf 83' lang='lat' dir='ltr'>veteri.</span> 
     </span>
    </p>
   </div>
   <div class='ocr_carea' id='block_1_4' title="bbox 276 890 1502 930">
    <p class='ocr_par' dir='ltr' id='par_1_4' title="bbox 276 890 1502 930">
     <span class='ocr_line' id='line_1_16' title="bbox 276 890 1502 930; baseline -0.002 -9"><span class='ocrx_word' id='word_1_74' title='bbox 276 895 362 930; x_wconf 74' lang='lat' dir='ltr'>Trop.</span> <span class='ocrx_word' id='word_1_75' title='bbox 389 902 433 921; x_wconf 86' lang='lat' dir='ltr'>ms</span> <span class='ocrx_word' id='word_1_76' title='bbox 471 903 548 922; x_wconf 75' lang='lat' dir='ltr'>saec.</span> <span class='ocrx_word' id='word_1_77' title='bbox 579 892 621 922; x_wconf 79' lang='lat'>13.</span> <span class='ocrx_word' id='word_1_78' title='bbox 663 895 733 922; x_wconf 80' lang='lat' dir='ltr'>Cod.</span> <span class='ocrx_word' id='word_1_79' title='bbox 754 893 956 930; x_wconf 78' lang='lat' dir='ltr'>Stuttgartien.</span> <span class='ocrx_word' id='word_1_80' title='bbox 977 894 1041 921; x_wconf 69' lang='lat' dir='ltr'>HE.</span> <span class='ocrx_word' id='word_1_81' title='bbox 1067 894 1082 920; x_wconf 88' lang='lat' dir='ltr'>I</span> <span class='ocrx_word' id='word_1_82' title='bbox 1101 893 1167 921; x_wconf 82' lang='lat' dir='ltr'>Asc.</span> <span class='ocrx_word' id='word_1_83' title='bbox 1188 892 1232 921; x_wconf 82' lang='lat'>95.</span> <span class='ocrx_word' id='word_1_84' title='bbox 1258 907 1295 911; x_wconf 91' lang='lat'>—</span> <span class='ocrx_word' id='word_1_85' title='bbox 1315 891 1347 925; x_wconf 80' lang='lat'>4,</span> <span class='ocrx_word' id='word_1_86' title='bbox 1368 890 1385 919; x_wconf 88' lang='lat'><strong>3</strong></span> <span class='ocrx_word' id='word_1_87' title='bbox 1407 893 1440 919; x_wconf 65' lang='lat' dir='ltr'>Si</span> <span class='ocrx_word' id='word_1_88' title='bbox 1463 892 1502 918; x_wconf 90' lang='lat' dir='ltr'>sit</span> 
     </span>
    </p>
   </div>
   <div class='ocr_carea' id='block_1_5' title="bbox 201 930 1502 1594">
    <p class='ocr_par' dir='ltr' id='par_1_5' title="bbox 201 930 1502 1594">
     <span class='ocr_line' id='line_1_17' title="bbox 205 930 1131 969; baseline -0.002 -9"><span class='ocrx_word' id='word_1_89' title='bbox 205 932 331 969; x_wconf 77' lang='lat' dir='ltr'>praesul.</span> <span class='ocrx_word' id='word_1_90' title='bbox 350 947 389 951; x_wconf 91' lang='grc'>--</span> <span class='ocrx_word' id='word_1_91' title='bbox 408 930 434 965; x_wconf 83' lang='grc'>4,</span> <span class='ocrx_word' id='word_1_92' title='bbox 455 931 474 959; x_wconf 88' lang='lat'>4</span> <span class='ocrx_word' id='word_1_93' title='bbox 493 933 550 960; x_wconf 88' lang='lat' dir='ltr'>His</span> <span class='ocrx_word' id='word_1_94' title='bbox 571 940 588 958; x_wconf 90' lang='lat' dir='ltr'>a</span> <span class='ocrx_word' id='word_1_95' title='bbox 607 941 672 968; x_wconf 83' lang='lat' dir='ltr'>quo.</span> <span class='ocrx_word' id='word_1_96' title='bbox 693 947 730 951; x_wconf 92' lang='lat'>—</span> <span class='ocrx_word' id='word_1_97' title='bbox 752 930 776 966; x_wconf 84' lang='lat'>6,</span> <span class='ocrx_word' id='word_1_98' title='bbox 800 931 814 959; x_wconf 92' lang='lat'>1</span> <span class='ocrx_word' id='word_1_99' title='bbox 836 933 960 961; x_wconf 75' lang='lat' dir='ltr'>Novitas</span> <span class='ocrx_word' id='word_1_100' title='bbox 985 933 1031 968; x_wconf 86' lang='lat' dir='ltr'>sig</span> <span class='ocrx_word' id='word_1_101' title='bbox 1050 933 1131 959; x_wconf 81' lang='lat' dir='ltr'>mire.</span> 
     </span>
     <span class='ocr_line' id='line_1_18' title="bbox 807 1024 901 1056; baseline 0 -2"><span class='ocrx_word' id='word_1_102' title='bbox 807 1024 901 1056; x_wconf 73' lang='lat'>218.</span> 
     </span>
     <span class='ocr_line' id='line_1_19' title="bbox 201 1084 1285 1124; baseline -0.001 -9"><span class='ocrx_word' id='word_1_103' title='bbox 201 1086 232 1119; x_wconf 89' lang='grc'>1,</span> <span class='ocrx_word' id='word_1_104' title='bbox 262 1084 321 1122; x_wconf 78' lang='lat' dir='ltr'>Qui</span> <span class='ocrx_word' id='word_1_105' title='bbox 345 1084 501 1116; x_wconf 85' lang='lat' dir='ltr'>seminant</span> <span class='ocrx_word' id='word_1_106' title='bbox 524 1085 557 1116; x_wconf 90' lang='lat' dir='ltr'>in</span> <span class='ocrx_word' id='word_1_107' title='bbox 581 1085 693 1116; x_wconf 88' lang='lat' dir='ltr'>loculis</span> <span class='ocrx_word' id='word_1_108' title='bbox 880 1087 911 1117; x_wconf 78' lang='lat'>2.</span> <span class='ocrx_word' id='word_1_109' title='bbox 937 1085 1039 1124; x_wconf 88' lang='lat' dir='ltr'>Beati,</span> <span class='ocrx_word' id='word_1_110' title='bbox 1066 1084 1119 1123; x_wconf 86' lang='lat' dir='ltr'>qui</span> <span class='ocrx_word' id='word_1_111' title='bbox 1144 1085 1285 1115; x_wconf 85' lang='lat' dir='ltr'>esuriunt</span> 
     </span>
     <span class='ocr_line' id='line_1_20' title="bbox 307 1130 1356 1174; baseline 0 -12"><span class='ocrx_word' id='word_1_112' title='bbox 307 1132 369 1163; x_wconf 88' lang='lat' dir='ltr'>Per</span> <span class='ocrx_word' id='word_1_113' title='bbox 392 1131 488 1163; x_wconf 84' lang='lat' dir='ltr'>dandi</span> <span class='ocrx_word' id='word_1_114' title='bbox 505 1130 653 1172; x_wconf 76' lang='lat' dir='ltr'>frequens</span> <span class='ocrx_word' id='word_1_115' title='bbox 670 1135 819 1174; x_wconf 85' lang='lat' dir='ltr'>mutuum,</span> <span class='ocrx_word' id='word_1_116' title='bbox 983 1131 1027 1163; x_wconf 86' lang='lat' dir='ltr'>Et</span> <span class='ocrx_word' id='word_1_117' title='bbox 1051 1131 1202 1163; x_wconf 85' lang='lat' dir='ltr'>arcessito</span> <span class='ocrx_word' id='word_1_118' title='bbox 1228 1130 1356 1163; x_wconf 83' lang='lat' dir='ltr'>Simone</span> 
     </span>
     <span class='ocr_line' id='line_1_21' title="bbox 306 1179 1248 1211; baseline -0.002 -1"><span class='ocrx_word' id='word_1_119' title='bbox 306 1179 475 1210; x_wconf 81' lang='lat' dir='ltr'>Redituum</span> <span class='ocrx_word' id='word_1_120' title='bbox 984 1179 1046 1211; x_wconf 87' lang='lat' dir='ltr'>Pro</span> <span class='ocrx_word' id='word_1_121' title='bbox 1071 1185 1248 1210; x_wconf 82' lang='lat' dir='ltr'>mammone</span> 
     </span>
     <span class='ocr_line' id='line_1_22' title="bbox 262 1223 1502 1269; baseline -0.002 -12"><span class='ocrx_word' id='word_1_122' title='bbox 262 1225 452 1258; x_wconf 84' lang='lat' dir='ltr'>Gaudebunt</span> <span class='ocrx_word' id='word_1_123' title='bbox 477 1226 517 1256; x_wconf 88' lang='lat' dir='ltr'>de</span> <span class='ocrx_word' id='word_1_124' title='bbox 540 1225 718 1269; x_wconf 79' lang='lat' dir='ltr'>manipulis,</span> <span class='ocrx_word' id='word_1_125' title='bbox 941 1226 1118 1265; x_wconf 72' lang='lat' dir='ltr'>Quaestum,</span> <span class='ocrx_word' id='word_1_126' title='bbox 1144 1224 1343 1264; x_wconf 84' lang='lat' dir='ltr'>praebendas</span> <span class='ocrx_word' id='word_1_127' title='bbox 1364 1223 1502 1263; x_wconf 88' lang='lat' dir='ltr'>rapiunt,</span> 
     </span>
     <span class='ocr_line' id='line_1_23' title="bbox 258 1271 1457 1313; baseline -0.001 -10"><span class='ocrx_word' id='word_1_128' title='bbox 258 1272 411 1304; x_wconf 77' lang='lat' dir='ltr'>Nummus</span> <span class='ocrx_word' id='word_1_129' title='bbox 435 1281 592 1312; x_wconf 82' lang='lat' dir='ltr'>nunquam</span> <span class='ocrx_word' id='word_1_130' title='bbox 619 1274 787 1313; x_wconf 74' lang='lat' dir='ltr'>examinat,</span> <span class='ocrx_word' id='word_1_131' title='bbox 941 1272 1000 1311; x_wconf 81' lang='lat' dir='ltr'>Qui</span> <span class='ocrx_word' id='word_1_132' title='bbox 1027 1273 1090 1312; x_wconf 87' lang='lat' dir='ltr'>dat,</span> <span class='ocrx_word' id='word_1_133' title='bbox 1117 1275 1165 1303; x_wconf 86' lang='lat' dir='ltr'>est</span> <span class='ocrx_word' id='word_1_134' title='bbox 1183 1274 1295 1311; x_wconf 86' lang='lat' dir='ltr'>potens</span> <span class='ocrx_word' id='word_1_135' title='bbox 1321 1271 1457 1303; x_wconf 89' lang='lat' dir='ltr'>omnium</span> 
     </span>
     <span class='ocr_line' id='line_1_24' title="bbox 259 1319 1178 1360; baseline 0.001 -11"><span class='ocrx_word' id='word_1_136' title='bbox 259 1320 341 1357; x_wconf 73' lang='lat' dir='ltr'>Quos</span> <span class='ocrx_word' id='word_1_137' title='bbox 366 1319 500 1356; x_wconf 79' lang='lat' dir='ltr'>ordinat,</span> <span class='ocrx_word' id='word_1_138' title='bbox 939 1320 1002 1351; x_wconf 88' lang='lat' dir='ltr'>Per</span> <span class='ocrx_word' id='word_1_139' title='bbox 1029 1319 1178 1360; x_wconf 87' lang='lat' dir='ltr'>medium,</span> 
     </span>
     <span class='ocr_line' id='line_1_25' title="bbox 306 1365 1410 1407; baseline -0.001 -9"><span class='ocrx_word' id='word_1_140' title='bbox 306 1366 379 1398; x_wconf 77' lang='lat' dir='ltr'>Non</span> <span class='ocrx_word' id='word_1_141' title='bbox 405 1366 486 1397; x_wconf 89' lang='lat' dir='ltr'>enim</span> <span class='ocrx_word' id='word_1_142' title='bbox 511 1365 611 1397; x_wconf 73' lang='lat' dir='ltr'>servir,</span> <span class='ocrx_word' id='word_1_143' title='bbox 633 1366 764 1406; x_wconf 87' lang='lat' dir='ltr'>numini,</span> <span class='ocrx_word' id='word_1_144' title='bbox 986 1366 1032 1398; x_wconf 86' lang='lat' dir='ltr'>Et</span> <span class='ocrx_word' id='word_1_145' title='bbox 1056 1367 1129 1407; x_wconf 78' lang='lat' dir='ltr'>quia</span> <span class='ocrx_word' id='word_1_146' title='bbox 1151 1366 1288 1398; x_wconf 88' lang='lat' dir='ltr'>mundus</span> <span class='ocrx_word' id='word_1_147' title='bbox 1312 1366 1410 1406; x_wconf 80' lang='lat' dir='ltr'>eligit,</span> 
     </span>
     <span class='ocr_line' id='line_1_26' title="bbox 308 1412 1214 1456; baseline 0 -12"><span class='ocrx_word' id='word_1_148' title='bbox 308 1412 371 1444; x_wconf 84' lang='lat' dir='ltr'>Sed</span> <span class='ocrx_word' id='word_1_149' title='bbox 396 1413 523 1456; x_wconf 87' lang='lat' dir='ltr'>homini,</span> <span class='ocrx_word' id='word_1_150' title='bbox 988 1413 1047 1452; x_wconf 80' lang='lat' dir='ltr'>Qui</span> <span class='ocrx_word' id='word_1_151' title='bbox 1070 1413 1214 1456; x_wconf 74' lang='lat' dir='ltr'>porrigit,</span> 
     </span>
     <span class='ocr_line' id='line_1_27' title="bbox 262 1459 1356 1499; baseline -0.001 -8"><span class='ocrx_word' id='word_1_152' title='bbox 262 1459 415 1491; x_wconf 71' lang='lat' dir='ltr'>Nummus</span> <span class='ocrx_word' id='word_1_153' title='bbox 441 1460 561 1492; x_wconf 78' lang='lat' dir='ltr'>claudit</span> <span class='ocrx_word' id='word_1_154' title='bbox 585 1461 617 1490; x_wconf 77' lang='lat' dir='ltr'>et</span> <span class='ocrx_word' id='word_1_155' title='bbox 640 1461 753 1499; x_wconf 87' lang='lat' dir='ltr'>aperit,</span> <span class='ocrx_word' id='word_1_156' title='bbox 943 1460 1005 1492; x_wconf 84' lang='lat' dir='ltr'>Cur</span> <span class='ocrx_word' id='word_1_157' title='bbox 1030 1460 1190 1492; x_wconf 86' lang='lat' dir='ltr'>exlamare</span> <span class='ocrx_word' id='word_1_158' title='bbox 1216 1459 1356 1492; x_wconf 76' lang='lat' dir='ltr'>dubitem</span> 
     </span>
     <span class='ocr_line' id='line_1_28' title="bbox 263 1506 1423 1550; baseline -0.001 -12"><span class='ocrx_word' id='word_1_159' title='bbox 263 1506 307 1538; x_wconf 85' lang='lat' dir='ltr'>Et</span> <span class='ocrx_word' id='word_1_160' title='bbox 332 1506 416 1546; x_wconf 83' lang='lat' dir='ltr'>quod</span> <span class='ocrx_word' id='word_1_161' title='bbox 439 1516 502 1538; x_wconf 87' lang='lat' dir='ltr'>non</span> <span class='ocrx_word' id='word_1_162' title='bbox 527 1506 738 1550; x_wconf 80' lang='lat' dir='ltr'>seminaverit,</span> <span class='ocrx_word' id='word_1_163' title='bbox 942 1507 1044 1547; x_wconf 81' lang='lat' dir='ltr'>Super</span> <span class='ocrx_word' id='word_1_164' title='bbox 1067 1507 1195 1547; x_wconf 85' lang='lat' dir='ltr'>plenum</span> <span class='ocrx_word' id='word_1_165' title='bbox 1221 1509 1253 1538; x_wconf 80' lang='lat' dir='ltr'>et</span> <span class='ocrx_word' id='word_1_166' title='bbox 1277 1507 1423 1538; x_wconf 81' lang='lat' dir='ltr'>divitem:</span> 
     </span>
     <span class='ocr_line' id='line_1_29' title="bbox 313 1553 1379 1594; baseline -0.001 -8"><span class='ocrx_word' id='word_1_167' title='bbox 313 1554 409 1586; x_wconf 79' lang='lat' dir='ltr'>Metit</span> <span class='ocrx_word' id='word_1_168' title='bbox 429 1554 462 1585; x_wconf 90' lang='lat' dir='ltr'>in</span> <span class='ocrx_word' id='word_1_169' title='bbox 488 1563 562 1594; x_wconf 85' lang='lat' dir='ltr'>agro</span> <span class='ocrx_word' id='word_1_170' title='bbox 587 1553 725 1587; x_wconf 90' lang='lat' dir='ltr'>Domini.</span> <span class='ocrx_word' id='word_1_171' title='bbox 989 1554 1116 1593; x_wconf 83' lang='lat' dir='ltr'>Beatus,</span> <span class='ocrx_word' id='word_1_172' title='bbox 1143 1554 1196 1593; x_wconf 86' lang='lat' dir='ltr'>qui</span> <span class='ocrx_word' id='word_1_173' title='bbox 1219 1554 1379 1593; x_wconf 83' lang='lat' dir='ltr'>intelligit.</span> 
     </span>
    </p>
   </div>
   <div class='ocr_carea' id='block_1_6' title="bbox 283 1616 1398 1647">
    <p class='ocr_par' dir='ltr' id='par_1_6' title="bbox 283 1616 1398 1647">
     <span class='ocr_line' id='line_1_30' title="bbox 283 1616 1398 1647; baseline -0.002 -1"><span class='ocrx_word' id='word_1_174' title='bbox 283 1618 365 1646; x_wconf 83' lang='lat' dir='ltr'>Cant.</span> <span class='ocrx_word' id='word_1_175' title='bbox 385 1627 437 1646; x_wconf 64' lang='lat' dir='ltr'>ms.</span> <span class='ocrx_word' id='word_1_176' title='bbox 458 1619 539 1646; x_wconf 75' lang='lat' dir='ltr'>Petri</span> <span class='ocrx_word' id='word_1_177' title='bbox 559 1620 594 1646; x_wconf 86' lang='lat' dir='ltr'>de</span> <span class='ocrx_word' id='word_1_178' title='bbox 612 1620 736 1647; x_wconf 77' lang='lat' dir='ltr'>Medicis</span> <span class='ocrx_word' id='word_1_179' title='bbox 756 1627 831 1646; x_wconf 81' lang='lat' dir='ltr'>saec.</span> <span class='ocrx_word' id='word_1_180' title='bbox 852 1617 896 1647; x_wconf 81' lang='lat'>13.</span> <span class='ocrx_word' id='word_1_181' title='bbox 941 1618 1009 1646; x_wconf 87' lang='lat' dir='ltr'><strong>Ccd.</strong></span> <span class='ocrx_word' id='word_1_182' title='bbox 1029 1620 1219 1646; x_wconf 84' lang='lat' dir='ltr'>Laurentian.</span> <span class='ocrx_word' id='word_1_183' title='bbox 1239 1618 1282 1645; x_wconf 90' lang='lat' dir='ltr'>Pl.</span> <span class='ocrx_word' id='word_1_184' title='bbox 1303 1616 1349 1645; x_wconf 82' lang='lat'>29.</span> <span class='ocrx_word' id='word_1_185' title='bbox 1373 1616 1398 1645; x_wconf 89' lang='lat'>1.</span> 
     </span>
    </p>
   </div>
   <div class='ocr_carea' id='block_1_7' title="bbox 566 1713 1159 1816">
    <p class='ocr_par' dir='ltr' id='par_1_7' title="bbox 566 1713 1159 1816">
     <span class='ocr_line' id='line_1_31' title="bbox 810 1713 908 1744; baseline 0.02 -2"><span class='ocrx_word' id='word_1_186' title='bbox 810 1713 908 1744; x_wconf 73' lang='lat'>219.</span> 
     </span>
     <span class='ocr_line' id='line_1_32' title="bbox 566 1775 1159 1816; baseline -0.002 -9"><span class='ocrx_word' id='word_1_187' title='bbox 566 1775 711 1816; x_wconf 85' lang='lat' dir='ltr'>Diogenis</span> <span class='ocrx_word' id='word_1_188' title='bbox 736 1784 802 1806; x_wconf 82' lang='lat' dir='ltr'>eum</span> <span class='ocrx_word' id='word_1_189' title='bbox 821 1776 980 1816; x_wconf 83' lang='lat' dir='ltr'>Aristippo</span> <span class='ocrx_word' id='word_1_190' title='bbox 1002 1776 1159 1815; x_wconf 80' lang='lat' dir='ltr'>Dialogus.</span> 
     </span>
    </p>
   </div>
   <div class='ocr_carea' id='block_1_8' title="bbox 232 1844 1455 1890">
    <p class='ocr_par' dir='ltr' id='par_1_8' title="bbox 232 1844 1455 1890">
     <span class='ocr_line' id='line_1_33' title="bbox 232 1844 1455 1890; baseline -0.003 -10"><span class='ocrx_word' id='word_1_191' title='bbox 232 1848 283 1880; x_wconf 75' lang='lat' dir='ltr'>ia.</span> <span class='ocrx_word' id='word_1_192' title='bbox 309 1847 485 1886; x_wconf 75' lang='lat' dir='ltr'>Aristippo,</span> <span class='ocrx_word' id='word_1_193' title='bbox 511 1847 654 1886; x_wconf 70' lang='lat' dir='ltr'>quumvis</span> <span class='ocrx_word' id='word_1_194' title='bbox 677 1855 757 1879; x_wconf 89' lang='lat' dir='ltr'>sero.</span> <span class='ocrx_word' id='word_1_195' title='bbox 913 1847 966 1879; x_wconf 74' lang='lat' dir='ltr'>lh.</span> <span class='ocrx_word' id='word_1_196' title='bbox 991 1847 1159 1890; x_wconf 79' lang='lat' dir='ltr'>Diogenes,</span> <span class='ocrx_word' id='word_1_197' title='bbox 1185 1847 1262 1887; x_wconf 81' lang='lat' dir='ltr'>quid</span> <span class='ocrx_word' id='word_1_198' title='bbox 1284 1844 1455 1879; x_wconf 76' lang='lat' dir='ltr'>intendas?</span> 
     </span>
    </p>
   </div>
   <div class='ocr_carea' id='block_1_9' title="bbox 314 1892 1513 2405">
    <p class='ocr_par' dir='ltr' id='par_1_9' title="bbox 314 1892 1513 2405">
     <span class='ocr_line' id='line_1_34' title="bbox 314 1892 1513 1934; baseline -0.002 -9"><span class='ocrx_word' id='word_1_199' title='bbox 314 1894 381 1926; x_wconf 85' lang='lat' dir='ltr'>Tuo</span> <span class='ocrx_word' id='word_1_200' title='bbox 406 1897 511 1925; x_wconf 86' lang='lat' dir='ltr'>tamen</span> <span class='ocrx_word' id='word_1_201' title='bbox 535 1894 663 1926; x_wconf 89' lang='lat' dir='ltr'>tandem</span> <span class='ocrx_word' id='word_1_202' title='bbox 688 1903 804 1934; x_wconf 83' lang='lat' dir='ltr'>quaero</span> <span class='ocrx_word' id='word_1_203' title='bbox 995 1895 1051 1927; x_wconf 88' lang='lat' dir='ltr'>Vis</span> <span class='ocrx_word' id='word_1_204' title='bbox 1064 1896 1209 1932; x_wconf 86' lang='lat' dir='ltr'>honores,</span> <span class='ocrx_word' id='word_1_205' title='bbox 1228 1894 1275 1926; x_wconf 83' lang='lat' dir='ltr'>vis</span> <span class='ocrx_word' id='word_1_206' title='bbox 1288 1892 1513 1934; x_wconf 80' lang='lat' dir='ltr'>praebendas?</span> 
     </span>
     <span class='ocr_line' id='line_1_35' title="bbox 360 1941 1369 1981; baseline 0.001 -8"><span class='ocrx_word' id='word_1_207' title='bbox 360 1941 439 1973; x_wconf 87' lang='lat' dir='ltr'>Frui</span> <span class='ocrx_word' id='word_1_208' title='bbox 465 1942 605 1973; x_wconf 86' lang='lat' dir='ltr'>consilio.</span> <span class='ocrx_word' id='word_1_209' title='bbox 1042 1942 1081 1975; x_wconf 83' lang='lat' dir='ltr'>Id</span> <span class='ocrx_word' id='word_1_210' title='bbox 1106 1942 1194 1981; x_wconf 86' lang='lat' dir='ltr'>prius</span> <span class='ocrx_word' id='word_1_211' title='bbox 1220 1942 1369 1980; x_wconf 79' lang='lat' dir='ltr'>explices.</span> 
     </span>
     <span class='ocr_line' id='line_1_36' title="bbox 315 1988 1316 2027; baseline 0 -7"><span class='ocrx_word' id='word_1_212' title='bbox 315 1988 397 2027; x_wconf 82' lang='lat' dir='ltr'>Quid</span> <span class='ocrx_word' id='word_1_213' title='bbox 420 1988 540 2020; x_wconf 85' lang='lat' dir='ltr'>Romae</span> <span class='ocrx_word' id='word_1_214' title='bbox 564 1988 704 2020; x_wconf 74' lang='lat' dir='ltr'>faciam?</span> <span class='ocrx_word' id='word_1_215' title='bbox 994 1990 1152 2022; x_wconf 75' lang='lat' dir='ltr'>Praesunt</span> <span class='ocrx_word' id='word_1_216' title='bbox 1175 1989 1316 2021; x_wconf 87' lang='lat' dir='ltr'>ecclesiis</span> 
     </span>
     <span class='ocr_line' id='line_1_37' title="bbox 359 2036 1423 2079; baseline -0.001 -11"><span class='ocrx_word' id='word_1_217' title='bbox 359 2036 492 2068; x_wconf 82' lang='lat' dir='ltr'>Mentiri</span> <span class='ocrx_word' id='word_1_218' title='bbox 515 2036 631 2079; x_wconf 82' lang='lat' dir='ltr'>nescio,</span> <span class='ocrx_word' id='word_1_219' title='bbox 1045 2037 1099 2075; x_wconf 86' lang='lat' dir='ltr'>Hi,</span> <span class='ocrx_word' id='word_1_220' title='bbox 1126 2037 1238 2076; x_wconf 89' lang='lat' dir='ltr'>quibus</span> <span class='ocrx_word' id='word_1_221' title='bbox 1263 2036 1423 2078; x_wconf 86' lang='lat' dir='ltr'>displices,</span> 
     </span>
     <span class='ocr_line' id='line_1_38' title="bbox 315 2082 1236 2123; baseline 0.002 -10"><span class='ocrx_word' id='word_1_222' title='bbox 315 2082 483 2115; x_wconf 87' lang='lat' dir='ltr'>Potentum</span> <span class='ocrx_word' id='word_1_223' title='bbox 506 2084 640 2123; x_wconf 77' lang='lat' dir='ltr'>gratiam</span> <span class='ocrx_word' id='word_1_224' title='bbox 997 2084 1069 2116; x_wconf 76' lang='lat' dir='ltr'>Nisi</span> <span class='ocrx_word' id='word_1_225' title='bbox 1091 2086 1125 2115; x_wconf 89' lang='lat' dir='ltr'>te</span> <span class='ocrx_word' id='word_1_226' title='bbox 1150 2085 1236 2116; x_wconf 89' lang='lat' dir='ltr'>vitiis</span> 
     </span>
     <span class='ocr_line' id='line_1_39' title="bbox 362 2130 1377 2172; baseline 0 -11"><span class='ocrx_word' id='word_1_227' title='bbox 362 2130 428 2162; x_wconf 82' lang='lat' dir='ltr'>Dat</span> <span class='ocrx_word' id='word_1_228' title='bbox 451 2131 602 2163; x_wconf 81' lang='lat' dir='ltr'>adulatio,</span> <span class='ocrx_word' id='word_1_229' title='bbox 1045 2132 1190 2172; x_wconf 88' lang='lat' dir='ltr'>Ipsorum</span> <span class='ocrx_word' id='word_1_230' title='bbox 1214 2130 1377 2171; x_wconf 74' lang='lat' dir='ltr'>implices3</span> 
     </span>
     <span class='ocr_line' id='line_1_40' title="bbox 320 2176 1443 2218; baseline -0.001 -10"><span class='ocrx_word' id='word_1_231' title='bbox 320 2176 356 2208; x_wconf 84' lang='lat' dir='ltr'>Si</span> <span class='ocrx_word' id='word_1_232' title='bbox 379 2177 522 2209; x_wconf 81' lang='lat' dir='ltr'>mordaci</span> <span class='ocrx_word' id='word_1_233' title='bbox 545 2179 630 2209; x_wconf 81' lang='lat' dir='ltr'>nitar</span> <span class='ocrx_word' id='word_1_234' title='bbox 655 2186 741 2218; x_wconf 81' lang='lat' dir='ltr'>vero,</span> <span class='ocrx_word' id='word_1_235' title='bbox 999 2178 1099 2211; x_wconf 75' lang='lat' dir='ltr'>Carus</span> <span class='ocrx_word' id='word_1_236' title='bbox 1123 2179 1197 2217; x_wconf 81' lang='lat' dir='ltr'>eris,</span> <span class='ocrx_word' id='word_1_237' title='bbox 1221 2178 1250 2210; x_wconf 89' lang='lat' dir='ltr'>si</span> <span class='ocrx_word' id='word_1_238' title='bbox 1273 2178 1443 2210; x_wconf 69' lang='lat' dir='ltr'>comendes</span> 
     </span>
     <span class='ocr_line' id='line_1_41' title="bbox 319 2224 1487 2267; baseline -0.001 -11"><span class='ocrx_word' id='word_1_239' title='bbox 319 2225 411 2256; x_wconf 85' lang='lat' dir='ltr'>Verri</span> <span class='ocrx_word' id='word_1_240' title='bbox 440 2233 530 2255; x_wconf 83' lang='lat' dir='ltr'>carus</span> <span class='ocrx_word' id='word_1_241' title='bbox 555 2233 711 2263; x_wconf 86' lang='lat' dir='ltr'>nunquam</span> <span class='ocrx_word' id='word_1_242' title='bbox 738 2232 802 2267; x_wconf 86' lang='lat' dir='ltr'>ero,</span> <span class='ocrx_word' id='word_1_243' title='bbox 999 2227 1038 2258; x_wconf 88' lang='lat' dir='ltr'>In</span> <span class='ocrx_word' id='word_1_244' title='bbox 1059 2226 1212 2266; x_wconf 81' lang='lat' dir='ltr'>praelatis</span> <span class='ocrx_word' id='word_1_245' title='bbox 1238 2225 1323 2256; x_wconf 76' lang='lat' dir='ltr'>vitae</span> <span class='ocrx_word' id='word_1_246' title='bbox 1346 2224 1487 2264; x_wconf 84' lang='lat' dir='ltr'>mendas,</span> 
     </span>
     <span class='ocr_line' id='line_1_42' title="bbox 365 2271 1425 2311; baseline -0.001 -8"><span class='ocrx_word' id='word_1_247' title='bbox 365 2272 509 2303; x_wconf 80' lang='lat' dir='ltr'>Meretur</span> <span class='ocrx_word' id='word_1_248' title='bbox 533 2271 645 2303; x_wconf 80' lang='lat' dir='ltr'>histrio</span> <span class='ocrx_word' id='word_1_249' title='bbox 1051 2272 1219 2311; x_wconf 80' lang='lat' dir='ltr'>Culparum</span> <span class='ocrx_word' id='word_1_250' title='bbox 1247 2272 1425 2311; x_wconf 81' lang='lat' dir='ltr'>complices,</span> 
     </span>
     <span class='ocr_line' id='line_1_43' title="bbox 319 2318 1319 2361; baseline 0.002 -13"><span class='ocrx_word' id='word_1_251' title='bbox 319 2319 452 2350; x_wconf 86' lang='lat' dir='ltr'>Virtutis</span> <span class='ocrx_word' id='word_1_252' title='bbox 480 2318 664 2361; x_wconf 87' lang='lat' dir='ltr'>praemium,</span> <span class='ocrx_word' id='word_1_253' title='bbox 998 2318 1165 2352; x_wconf 82' lang='lat' dir='ltr'>Ministros</span> <span class='ocrx_word' id='word_1_254' title='bbox 1190 2319 1319 2351; x_wconf 85' lang='lat' dir='ltr'>sceleris</span> 
     </span>
     <span class='ocr_line' id='line_1_44' title="bbox 318 2365 1356 2405; baseline 0.001 -9"><span class='ocrx_word' id='word_1_255' title='bbox 318 2365 402 2397; x_wconf 86' lang='lat' dir='ltr'>Dum</span> <span class='ocrx_word' id='word_1_256' title='bbox 427 2366 539 2405; x_wconf 83' lang='lat' dir='ltr'>palpat</span> <span class='ocrx_word' id='word_1_257' title='bbox 561 2365 671 2397; x_wconf 89' lang='lat' dir='ltr'>vitium</span> <span class='ocrx_word' id='word_1_258' title='bbox 997 2368 1116 2399; x_wconf 84' lang='lat' dir='ltr'>Amant</span> <span class='ocrx_word' id='word_1_259' title='bbox 1140 2376 1218 2405; x_wconf 85' lang='lat' dir='ltr'>prae</span> <span class='ocrx_word' id='word_1_260' title='bbox 1243 2366 1356 2398; x_wconf 84' lang='lat' dir='ltr'>ceteris</span> 
     </span>
    </p>
   </div>
   <div class='ocr_carea' id='block_1_10' title="bbox 367 2410 1335 2453">
    <p class='ocr_par' dir='ltr' id='par_1_10' title="bbox 367 2410 1335 2453">
     <span class='ocr_line' id='line_1_45' title="bbox 367 2410 1335 2453; baseline 0.003 -9"><span class='ocrx_word' id='word_1_261' title='bbox 367 2413 462 2445; x_wconf 90' lang='lat' dir='ltr'>Dulci</span> <span class='ocrx_word' id='word_1_262' title='bbox 485 2413 660 2445; x_wconf 87' lang='lat' dir='ltr'>mendacio.</span> <span class='ocrx_word' id='word_1_263' title='bbox 1045 2413 1135 2444; x_wconf 81' lang='lat' dir='ltr'>Sacri</span> <span class='ocrx_word' id='word_1_264' title='bbox 1158 2410 1335 2453; x_wconf 82' lang='lat' dir='ltr'>pontifices.</span> 
     </span>
    </p>
   </div>
  </div>
 </body>
</html>
