1653 2566
649 101 886 136 -97—

722 196 821 225 144.

116 232 145 264 1.
174 234 199 266 Ο
228 245 328 278 mens,
356 240 470 280 cogita,
804 242 834 273 5.
862 240 985 278 Quanta
1014 237 1147 277 vanitas,

222 282 312 321 Quod
337 287 492 326 praeterit
862 286 1047 318 Sublimitas

269 331 383 364 Mundi
409 332 520 376 figura,
909 333 1038 373 Casura,

172 374 270 417 Fugit
299 379 414 418 subita,
862 380 985 412 Umbra
1010 377 1133 419 fragilis

220 423 274 455 Sic
298 425 409 457 interit
862 427 932 458 Nec
957 426 1083 458 stabilis

269 470 366 509 Quasi
390 472 528 510 pictura.
911 473 1024 513 Neque
1048 480 1170 504 secura.

113 521 146 553 2.
170 521 286 553 Floret
309 524 346 552 ut
371 522 546 566 cucurbita,
804 529 835 558 6.
863 525 986 563 Quanta
1010 525 1116 556 vilitas

223 567 301 599 Cum
325 568 445 608 ingerit
861 572 923 603 Est
947 572 1084 611 dignitas

268 614 309 645 Se
338 624 402 646 nox
428 614 572 654 obscura,
908 618 1082 654 Mundam,

172 662 288 694 Brevis
314 662 420 693 orbita
863 665 981 704 Spuma
1006 663 1144 704 graciliS‚

220 709 298 741 Cum
327 708 462 745 steterit,
862 710 940 743 Flos
967 712 1087 742 sterilis

272 756 359 788 Citro
383 757 526 794 lapsura.
909 758 988 798 Spes
1013 767 1105 789 vana.

115 810 146 842 3.
172 808 347 848 Dulcescit,
804 811 835 842 7.
863 810 887 842 O
914 810 1028 850 qualis,

221 856 286 888 Sed
310 855 425 887 inserit
911 857 1009 895 Quam
1037 856 1155 887 misera

268 905 390 936 Amara
413 902 525 941 plura3
957 904 1047 935 Mors
1075 905 1105 933 et
1129 910 1221 941 quam
1250 902 1339 940 dura,

176 952 252 992 Quis
277 951 390 990 nescit,
865 950 1014 981 Poenalis

222 999 312 1039 Quod
336 997 468 1030 laeserit
912 997 957 1028 Et
979 1005 1095 1036 aspera

268 1046 386 1078 Fallax
409 1044 574 1076 mixtura?
960 1044 1031 1075 Nec
1054 1041 1219 1074 moritura.

118 1101 150 1132 4.
175 1099 327 1132 Tabeseit
806 1097 837 1129 8.
864 1095 938 1127 Jam
967 1095 1108 1134 recogita

223 1147 267 1179 Et
293 1144 419 1186 deperit
909 1142 959 1174 De
987 1141 1141 1181 temporis

269 1194 444 1233 Tamquam
468 1192 575 1234 litura,
961 1189 1105 1228 Jactura,

176 1242 338 1281 Vanescit,
865 1237 914 1269 Sis
941 1237 1080 1269 sollicita

223 1291 301 1323 Cum
325 1287 446 1330 fugerit
912 1285 962 1316 De
988 1283 1132 1324 corporis

269 1338 342 1370 Non
366 1335 520 1368 reditura.
959 1332 1128 1364 Fractura.

537 1383 568 1415 9.
596 1381 728 1420 Culpam
754 1389 867 1412 caveas

646 1428 691 1460 Et
714 1428 838 1460 veniam
863 1436 1009 1467 procura,

599 1477 753 1508 Tremens
777 1484 896 1516 paveas

646 1524 698 1555 De
719 1524 840 1563 judicis
866 1531 1009 1554 censura.

193 1580 275 1607 Cant.
302 1588 355 1606 ms.
377 1578 457 1605 Petri
478 1577 514 1604 de
534 1576 658 1604 Medicis
679 1583 755 1602 saec.
779 1572 823 1602 13.
864 1574 934 1602 Cod.
955 1571 1146 1601 Laurentian.
1166 1569 1212 1596 Pl.
1233 1567 1278 1597 29.
1303 1568 1327 1596 1.
1352 1570 1381 1597 A.
1407 1584 1442 1588 τ

119 1616 185 1645 Cod.
205 1618 369 1645 Londinen.
390 1616 522 1649 Egerton
549 1612 614 1641 274.
641 1620 717 1641 saec.
749 1610 792 1641 13.
813 1613 847 1640 B.
878 1626 915 1631 —-
936 1611 1039 1639 Durch
1059 1609 1091 1636 13.
1119 1609 1160 1635 ist
1184 1607 1226 1635 dic
1255 1607 1361 1635 Autors
1376 1608 1443 1635 2hast

116 1655 248 1692 Philipps
271 1656 308 1684 de
329 1654 425 1684 Greve
447 1652 546 1680 ausser
567 1651 699 1680 Zweifel.

731 1707 828 1737 145.

120 1759 149 1790 1.
224 1758 249 1790 O
275 1756 383 1789 labilis
814 1753 846 1784 2.
921 1750 1002 1789 Quid
1027 1749 1126 1789 igitur

177 1805 281 1837 Sortis
306 1805 464 1836 humanae
490 1804 602 1840 status,
871 1798 960 1829 Aura
984 1799 1017 1828 te
1041 1794 1215 1837 popularis,

225 1851 413 1891 Egreditur,
921 1844 1004 1883 Quid
1031 1842 1179 1883 dignitas,

226 1899 273 1930 Ut
297 1897 357 1929 flos
383 1895 559 1928 conteritur
920 1892 1002 1931 Quid
1028 1889 1224 1931 generositas

227 1945 271 1978 Et
297 1943 418 1976 labitur
919 1938 1090 1974 Extuierit,

179 1993 284 2026 Homo
309 1989 416 2023 labori
440 1989 544 2028 natus,
873 1987 921 2019 Ut
945 1985 1072 2024 gravius
1101 1981 1221 2013 labaris
1231 1983 1248 2012 'r

226 2039 325 2072 Flens
348 2037 463 2076 oritur,
920 2032 959 2063 In
984 2032 1125 2070 laquem,

227 2086 373 2119 Vivendo
399 2082 546 2118 moritur,
922 2078 1006 2117 Quos
1033 2075 1150 2113 tendiS,
1174 2074 1294 2106 laberis

180 2137 217 2169 In
240 2131 404 2176 prosperis
872 2125 957 2157 Dum
984 2123 1122 2164 crapulis

228 2184 306 2215 luxu
331 2176 529 2217 dissolvitur,
922 2172 1100 2211 scortisque
1123 2169 1262 2202 traheris

183 2232 262 2265 Cum
288 2226 416 2260 flatibus
869 2220 916 2253 Et
937 2219 1066 2251 luxibus

230 2277 395 2309 Fortunae
419 2270 571 2311 quatitur,
920 2276 1025 2311 opum,
1053 2274 1130 2307 quas
1164 2264 1309 2304 congeris

185 2326 257 2358 Lux
280 2322 385 2354 subito
874 2314 1003 2355 Illicite,

232 2370 349 2402 mentis
376 2364 596 2405 exstinguitur.
921 2363 1029 2405 miser,
1057 2359 1245 2393 immoreris,

181 2432 202 2454 D
209 2438 221 2454 1·
227 2436 294 2453 eves
301 2445 307 2455 ‚
324 2426 451 2450 Oantiones
466 2423 491 2447 et
502 2423 598 2446 Muteti.
627 2422 659 2445 11.
1259 2414 1276 2442 7
