1653 2566
686 101 848 138 *201
899 120 944 129 —-

235 193 338 227 Notae
363 200 437 229 sunt
460 197 649 241 hominibus,
917 201 979 232 Per
1003 209 1080 240 quos
1105 202 1193 240 patet
1219 197 1362 231 omnibus

235 243 280 276 Ut
307 252 419 276 caveas
848 249 902 281 30.
918 247 1078 288 Lucidius,

236 290 321 332 Tibi,
347 292 478 332 Joseph,
505 293 633 335 habeas,
917 295 1047 326 Nullum
1072 294 1133 326 erit
1156 294 1294 334 gravius,

164 338 219 371 25.
234 337 285 369 Ne
308 338 425 382 doleas,
917 342 1096 374 Periculum

235 384 273 416 In
298 386 462 424 speculum
918 389 1017 427 Quam
1040 389 1074 420 in
1100 387 1188 420 falsis
1213 387 1365 420 fratribus

236 431 340 463 Judae
364 431 465 465 fallax
490 435 641 474 osculum,
918 436 980 467 Per
1004 436 1173 469 saeculum.

235 479 379 520 Remum,
406 480 585 522 Romulum,

242 533 310 562 Cod.
331 535 494 563 Londinen.
516 537 645 572 Egerton
667 536 731 565 274.
760 546 835 565 saec.
858 535 901 565 13.
922 537 958 565 A.
983 552 1017 555 —
1045 537 1115 565 Cod.
1136 538 1246 565 Montis
1266 538 1421 565 Pessulani
1440 538 1469 566 H

166 570 220 600 196
241 580 316 600 sace.
338 570 382 600 14.
403 574 436 601 B.
456 588 495 592 —
513 574 576 602 Das
598 575 669 602 Lied
689 577 729 602 ist
747 575 989 603 wahrseheinlieh
1009 584 1067 602 von
1086 576 1242 611 Philippus
1262 576 1298 603 de
1318 576 1434 604 Gravia.

238 696 335 727 Velut
359 697 471 729 stellae
494 696 684 729 firmamenti
850 700 905 733 20.
920 699 1004 732 Reos
1030 699 1157 731 solvunt

238 744 377 784 Fulgent
401 753 492 776 saera
516 746 741 789 praelatorum,
970 747 1058 777 clave
1083 746 1271 785 prudentiae

238 790 338 823 Bases
364 792 447 823 sacri
471 790 679 831 fundamenti,
919 793 973 825 Ad
997 793 1140 832 praemia

238 837 324 870 Fons
348 838 511 878 virtutum,
539 840 590 872 via
617 849 749 881 morum,
921 840 992 872 Non
1017 843 1148 871 nectunt

194 887 223 918 5.
237 885 344 917 Decor
369 887 556 929 ornamenti,
920 887 1015 919 Retia

238 932 349 964 Nubes
374 934 438 964 mel
462 934 632 974 stillantes,
851 936 906 968 25.
922 935 990 967 Nee
1014 934 1120 965 oeulos

240 979 320 1011 Sunt
344 981 432 1012 venti
457 979 665 1013 fecundantes
919 982 973 1012 Ad
997 981 1118 1012 loculos

242 1027 385 1069 Terram,
412 1037 533 1068 agrum,
560 1029 695 1068 vineam,
921 1027 1080 1065 Flectunt,

241 1074 466 1114 Exstirpantes
492 1075 620 1115 tineam,
920 1075 1005 1114 Agni
1028 1074 1113 1105 mitis
1139 1075 1259 1114 eligunt

170 1122 226 1155 10.
242 1122 368 1164 spinas,
395 1122 516 1162 lolium,
926 1121 1075 1163 Vestigia‚

238 1170 421 1202 Inserentes
445 1169 548 1201 lilium
853 1169 907 1202 30.
922 1169 975 1200 Ad
1000 1177 1138 1200 amorem
1163 1168 1304 1209 dirigunt

240 1217 278 1249 In
304 1216 454 1248 cordibus
478 1216 630 1256 fidelium,
923 1215 1068 1256 Gregem,
1096 1216 1180 1247 vitae
1203 1224 1332 1256 pascua,

241 1263 350 1296 Grana
372 1273 452 1303 pura
924 1262 1000 1295 Cum
1026 1263 1128 1303 gloria

288 1313 440 1350 separant
463 1320 482 1343 a
505 1311 608 1352 palea,
923 1310 1088 1349 Lampade
1111 1319 1175 1342 non
1200 1319 1300 1342 vacua

172 1360 226 1392 15.
242 1358 304 1390 Pro
322 1358 468 1399 supernis
922 1358 977 1390 Ad
1002 1357 1103 1397 regias

290 1407 446 1445 spernunt
469 1408 583 1446 terrea,
854 1405 910 1438 35.
923 1404 991 1437 Nos
1015 1405 1133 1436 ducunt
1156 1405 1293 1445 nuptias,

240 1452 404 1484 Irradiant
924 1451 991 1484 Nos
1015 1460 1074 1491 per
1098 1452 1152 1491 pia

291 1500 381 1532 clave
404 1499 566 1542 scientiae,
925 1498 1100 1531 Sublevant
1123 1498 1288 1539 suffragia.

244 1547 360 1587 Culpas
386 1547 484 1586 piant,

249 1602 331 1630 Cant.
352 1611 406 1629 ms.
426 1603 504 1630 Petri
525 1603 561 1629 de
579 1602 703 1630 Medicis
723 1611 798 1630 saec.
823 1599 867 1629 13.
908 1600 977 1629 Cod.
997 1602 1188 1629 Laurentian.
1208 1602 1254 1629 Pl.
1274 1599 1319 1629 29.
1342 1600 1367 1629 1.

750 1664 903 1697 XXVIII.

245 1721 347 1753 Error
371 1722 536 1762 popularis
928 1721 1112 1753 Praesulum
1137 1722 1313 1765 repellitur,

245 1768 356 1801 Palam
380 1769 518 1809 ponitur,
927 1768 1149 1808 Papalardalis

247 1815 346 1847 Sedes
373 1816 568 1855 praesularis
928 1816 1160 1855 Presbyteralis

246 1863 348 1895 Facta
373 1863 542 1902 pupillaris
928 1863 1030 1895 Fraus
1054 1864 1151 1903 plena
1173 1864 1265 1896 malis

202 1912 232 1944 5.
248 1910 417 1949 Venditur,
859 1912 915 1945 20.
929 1911 1110 1950 Occulitur3

248 1958 336 1990 Dare
360 1957 418 1990 sub
444 1957 549 1989 avaris
929 1958 1025 1989 Plebs
1053 1958 1130 1990 vivit
1154 1958 1239 1998 talis,

247 2005 330 2038 Dum
355 2005 568 2047 suspenditur,
929 2006 1062 2037 Praeses
1088 2008 1137 2036 est
1160 2006 1271 2049 qualis,

247 2053 293 2085 Et
315 2053 399 2085 Ares
424 2052 464 2084 ab
489 2051 554 2084 aris
931 2052 991 2090 Qui
1015 2051 1116 2083 fastus
1141 2052 1200 2084 alis

249 2100 333 2133 Dum
358 2100 499 2140 eliditur,
929 2099 1083 2139 Erigitur.

179 2150 233 2183 10.
250 2148 406 2180 Laeditur
861 2149 916 2180 25.
931 2147 961 2178 A
986 2155 1047 2186 quo
1071 2145 1121 2178 fas
1145 2148 1352 2187 pervertitur,

252 2196 311 2229 Vir
336 2195 464 2235 ruralis,
932 2193 1095 2233 Saporalis

250 2243 386 2277 Curialis
932 2241 1127 2274 Doctrinalis

248 2292 301 2325 Ex
325 2299 451 2323 nummo
476 2289 664 2332 renascitur,
932 2289 1065 2321 Terram
1089 2290 1175 2330 sapit

251 2338 449 2380 Magistralis
933 2337 977 2369 Et
1002 2338 1186 2378 conteritur,

179 2389 235 2422 15.
249 2387 334 2420 Laus
360 2396 380 2419 a
404 2386 499 2418 scalis
864 2386 919 2419 30.
934 2385 1078 2417 Bubulus
1102 2386 1275 2427 extollitur,
