1653 2566
611 100 867 137 *163—

447 199 477 231 3.
505 198 641 238 Emerge
663 196 822 239 fiuctibus,

550 244 627 277 Flos
652 244 771 284 mundi,
799 244 913 284 Gallia,

506 292 557 324 Nc
580 290 638 324 flos
663 292 696 323 in
722 291 879 334 sordibus,

552 338 649 377 Quem
675 338 777 371 crucis
803 338 904 378 gloria

506 386 615 426 Dedit,
642 386 777 418 vilescat
801 385 950 425 turpiter,

505 433 559 465 Sic
584 433 733 476 breviter,

554 480 588 514 Si
611 489 725 520 peccas
748 479 862 520 inscia,

553 528 661 561 Prima
687 527 790 559 crucis
815 526 951 566 iusignia

505 574 662 608 Transfer
686 574 844 607 extollens
869 574 976 612 altius,

552 622 713 662 Rependis
740 621 842 653 crucis
869 621 1021 664 debitum,

503 669 673 709 Rependas
697 669 757 700 tibi
778 669 908 709 gratius

161 734 244 762 Cant.
265 743 318 762 ms.
339 735 421 762 Petri
442 734 477 762 de
497 734 622 761 Medicis
642 742 717 761 saec.
741 731 784 761 13.
826 732 894 761 God.
915 734 1105 761 Laurentian.
1124 733 1169 761 Pl.
1191 731 1236 761 29.
1260 731 1283 759 1.

85 888 115 921 1.
141 886 266 919 Nomen
291 896 311 918 a
335 886 528 918 solemnibus

189 935 289 966 traxit
312 934 554 974 Solemniacum,

141 981 355 1015 Solemnizent
381 981 479 1020 igitur

190 1038 296 1061 omnes
321 1030 450 1068 praeter
474 1028 672 1067 monachum,

144 1075 203 1114 Qui
228 1075 289 1107 sibi
312 1075 418 1107 virilia

193 1123 350 1155 resecavit
373 1130 464 1154 serra
489 1130 569 1162 eum,

146 1170 208 1202 llic
235 1170 326 1201 illum
351 1169 525 1208 excipimus

193 1218 283 1258 quasi
308 1217 555 1256 daemoniacum,

144 1267 219 1305 Ipse
243 1264 329 1296 solus
354 1264 461 1304 lugeat

193 1321 266 1344 rcus
292 1312 377 1351 apud
402 1312 552 1343 Aeacum.

144 1368 349 1402 Exsultemus
379 1371 411 1398 et
434 1367 597 1408 laetemur,

195 1415 360 1449 Canticum
389 1414 541 1454 laetitiae,

144 1466 194 1496 Ac
216 1462 396 1501 reddamus,
424 1470 500 1501 quas
528 1461 686 1502 debemus,

189 1510 318 1542 Laudes
347 1508 414 1549 regi
438 1509 567 1549 gloriae,

146 1559 205 1598 Qui
228 1557 366 1589 salvavit
389 1556 500 1588 urbem
524 1555 632 1589 David

193 1606 224 1637 A
248 1604 381 1644 paganis
404 1603 511 1636 hodie.

86 1655 128 1687 BP
145 1653 277 1686 Festum
300 1652 414 1692 agitur,

145 1700 223 1733 Dios
248 1699 410 1739 recolitur,

145 1750 183 1782 In
210 1756 271 1788 qua
293 1746 405 1786 Dagon
430 1744 587 1786 frangitur

142 1796 189 1828 Et
212 1794 345 1827 Amalec
368 1794 516 1833 vincitur,

147 1842 250 1875 Natus
275 1841 363 1881 Agar
387 1840 529 1881 pellitur,

146 1889 324 1924 Jerusalem
354 1887 498 1928 eripitur,

147 1937 336 1971 Christianis
361 1935 518 1974 redditur,

145 1985 239 2017 Diem
263 1983 401 2016 colamus
423 1982 531 2022 igitur.

700 827 797 857 233.

770 887 801 917 2.

829 886 917 918 Haec
941 886 1016 918 urbs
1041 885 1237 917 nobilissima

873 933 977 973 prima
1000 941 1105 973 regem
1128 932 1248 971 habuit,

825 979 863 1011 In
889 980 949 1011 hac
972 979 1051 1011 urbe
1075 980 1211 1012 maxima

874 1026 1009 1059 Domino
1035 1027 1234 1067 complacuit,

826 1075 865 1107 In
888 1073 949 1105 hac
972 1076 1104 1113 propter
1130 1073 1286 1106 hominem

877 1120 1015 1161 crucifigi
1042 1120 1153 1160 voluit,

827 1169 889 1200 Hic
913 1177 1009 1207 super
1034 1169 1194 1208 apostolos

874 1215 1005 1254 spiritus
1029 1216 1175 1247 intonuit.

828 1366 913 1399 Urbs
939 1366 1081 1406 insignis,
1107 1366 1148 1397 ad
1174 1374 1265 1406 quam
1290 1366 1372 1405 ignis

875 1413 972 1445 Venit
996 1413 1086 1445 aunis
1108 1413 1251 1453 singulis,

828 1461 894 1500 Quo
920 1463 1121 1501 monstratur,
1149 1461 1232 1500 quod
1258 1462 1381 1492 amatur

878 1507 1029 1541 Omnibus
1053 1508 1087 1539 in
1111 1508 1255 1550 saeculis,

829 1555 1034 1593 Honor-anda,
1060 1553 1292 1595 frequentanda

878 1602 1019 1643 Regibus
1042 1603 1077 1634 in
1100 1602 1237 1642 populis.

802 1657 811 1670 Ἴ
830 1649 960 1683 Festum
983 1650 1098 1690 agitur,

828 1698 905 1731 Dies
931 1697 1091 1737 recolitur,

829 1745 867 1777 In
893 1754 954 1785 qua
978 1745 1090 1785 Dagon
1116 1744 1275 1785 frangitur

829 1791 875 1824 Et
898 1793 1031 1824 Amalec
1057 1792 1201 1832 vincitur,

829 1839 933 1873 Natus
955 1840 1042 1880 Agar
1067 1840 1207 1881 pellitur,

829 1886 1006 1920 Jerusalem
1031 1888 1174 1926 eripitur,

832 1934 1020 1967 Christianis
1044 1935 1201 1975 redditur,

830 1981 923 2014 Diem
956 1983 1093 2014 colamus
1118 1982 1224 2023 igitur.

429 2040 460 2072 3.
488 2037 574 2072 Urbs
599 2040 726 2070 sacrata
751 2039 893 2077 coelitus,

533 2085 682 2118 adamata
705 2086 841 2126 superis,

487 2133 581 2174 Regis
607 2133 861 2173 tabernaculum,

533 2181 685 2221 templum
715 2189 812 2213 arcae
835 2179 985 2220 foederis,

488 2228 656 2268 Hospitale
680 2237 854 2269 pauperum

537 2279 569 2308 et
591 2277 715 2317 asylum
737 2277 873 2317 miseris,

490 2325 563 2357 Non
587 2323 715 2357 timebis
739 2324 871 2364 aliquid,

538 2372 609 2405 dum
636 2372 669 2404 in
696 2381 732 2404 ea
755 2372 920 2405 manseris.

1165 2426 1224 2457 11*
