1653 2564
746 93 981 128 ..53—

824 236 892 267 ¹⁷4.

210 307 242 342 1.
269 309 294 341 O
320 310 374 350 qui
400 308 519 343 fontem
545 311 668 351 gratiae
895 316 927 347 2.
953 313 1070 354 Legem
1097 312 1236 346 foederis

315 357 459 396 Captivis
482 367 664 398 regeneras,
953 360 1094 400 Imponis
1119 361 1243 401 superis

269 403 381 435 Coelos
406 405 612 437 endelechiae
1000 408 1198 441 Conservans
1223 415 1349 448 supera,

314 451 462 484 Foedere
487 450 704 492 confoederas,
954 455 1083 488 Coelum
1106 455 1280 487 innumeris

270 497 428 530 Ordinata
452 500 536 531 serie
953 502 1065 534 Moves
1089 502 1123 533 in
1146 501 1285 534 numeris

314 544 430 577 Mundi
458 549 563 577 motus
586 549 755 591 temperas,
999 549 1046 581 Et
1069 549 1148 581 coeli
1172 549 1298 588 sidera;

271 593 371 631 Hyles
395 592 430 624 in
454 594 611 632 temperie
954 596 1003 627 Tu
1025 595 1146 628 coelum
1172 595 1308 636 circulis,

316 638 482 672 Effrenata
508 640 636 672 cohibes
953 643 1003 674 Tu
1027 645 1130 675 motus
1155 643 1273 683 regulis

313 686 359 718 Et
384 686 515 719 dissolvi
540 686 702 728 prohibes,
1001 689 1137 729 Stringis
1162 690 1327 732 erraticos,

316 733 364 765 Ut
388 734 486 775 leges,
512 744 590 774 quas
615 735 759 778 adhibes,
1001 738 1051 769 Tu
1074 745 1173 769 nexus
1197 737 1334 768 musicos

268 780 438 812 Elementa
461 784 592 813 teneant
953 783 1092 816 innectis
1118 784 1265 824 dissonis,

269 828 315 860 Et
340 830 491 861 concordi
517 831 629 861 coeant
954 831 1005 863 Ex
1030 830 1143 870 quibus
1169 830 1313 862 consonis

318 875 547 914 Dispositione.
891 901 897 904 -
955 877 1052 909 Tonis
1077 877 1250 909 mellisonis

211 921 254 954 Εὐ
273 923 298 955 O
324 931 447 954 summa
469 923 621 966 potentia,
1000 924 1123 956 Reddis
1147 924 1337 967 harmonias,

273 971 361 1002 Inter
386 970 575 1002 dissidentia
956 971 1015 1009 Qui
1039 972 1178 1011 propriis

318 1017 429 1049 Firma
452 1016 582 1049 firmans
607 1016 749 1057 foedera,
955 1016 1077 1049 Officiis

319 1064 364 1096 Ut
390 1073 506 1104 supera
1001 1064 1114 1104 Signas
1138 1063 1346 1099 hierarchias.

319 1110 373 1142 Sic
392 1109 506 1151 infera,
895 1111 939 1143 ΒΡ
957 1111 982 1143 O
1008 1119 1129 1143 summa
1152 1111 1306 1151 potentia,

273 1157 450 1190 Refraenas
475 1158 600 1197 illicita,
957 1159 1046 1191 Inter
1072 1158 1261 1190 dissidentia

271 1205 377 1245 Digna
402 1213 538 1244 pensans
562 1205 676 1236 merita
1001 1205 1112 1237 Firma
1136 1204 1267 1238 firmans
1292 1203 1424 1237 foedera

317 1252 550 1284 Retributione.
1000 1253 1048 1286 Ut
1071 1261 1188 1293 supera
1213 1255 1272 1285 etc.

612 1329 644 1360 3.
669 1327 758 1367 Ergo
783 1327 837 1367 qui
860 1329 926 1359 tam
951 1327 1079 1359 dissona

716 1374 809 1414 Cogis
835 1383 1015 1417 consonare,

669 1422 756 1460 Quae
780 1422 907 1454 divinae
931 1431 1068 1454 consona

715 1469 804 1509 Legi,
829 1469 997 1501 moderare

666 1516 780 1556 Melos,
807 1516 892 1555 quod
919 1516 1069 1548 divinitus

667 1564 754 1595 Tuus
779 1564 882 1603 spirat
906 1564 1048 1604 spiritus,

665 1610 767 1642 Nobis
792 1611 907 1643 missus
934 1611 1075 1650 coelitus,

713 1658 841 1691 Plenius
866 1658 1011 1699 inspiret,

664 1706 820 1738 Enormes
845 1705 962 1746 ejiciat,

665 1753 846 1786 Concordes
871 1752 991 1785 efficiat

712 1802 794 1841 Quos
821 1801 938 1842 expiat,

714 1848 768 1880 Sic
784 1848 898 1888 puniat

667 1897 712 1930 Ut
734 1896 832 1938 vices,
858 1904 936 1935 quas
961 1896 1066 1928 variat

664 1943 809 1975 Alternis
835 1942 882 1974 sie
902 1943 1002 1983 uniat,

711 1990 762 2021 Ne
785 1990 858 2028 lyra
883 1990 1008 2022 deliret.

285 2075 355 2104 Cod.
377 2075 520 2103 Oxonien.
541 2074 713 2102 Rawlinson
733 2074 756 2101 C
781 2071 847 2101 510.
875 2081 951 2101 saec.
980 2071 1024 2101 13.
1044 2074 1077 2100 A.
1104 2089 1141 2094 —
1167 2074 1250 2102 Cant.
1276 2082 1328 2100 ms.
1347 2075 1522 2103 Toletanum

206 2123 281 2142 saec.
305 2111 348 2141 13.
389 2112 459 2140 Cod.
479 2113 629 2141 Matriten.
650 2112 744 2140 Tolet.
772 2109 828 2139 930
848 2108 990 2146 (33-23).
1011 2112 1044 2138 B.
1065 2126 1102 2132 —-
1128 2112 1212 2140 Cant.
1233 2121 1285 2139 ms.
1305 2113 1384 2140 Petri
1404 2113 1440 2140 de
1459 2113 1519 2140 Me-

205 2152 280 2180 dicis
301 2160 377 2180 saec.
401 2148 444 2178 13.
480 2151 549 2178 Cocl.
562 2150 754 2178 Laurentian.
775 2149 820 2176 Pl.
841 2147 886 2176 29.
910 2148 934 2177 1.
950 2150 981 2177 C.
1005 2164 1037 2168 —
1060 2149 1400 2185 Cod.Guelfenbyte1-an.
1419 2151 1520 2178 Helm-

205 2191 329 2219 stadien.
358 2186 422 2217 628.
449 2197 524 2216 saec.
555 2186 599 2216 13.
620 2188 657 2215 D.
683 2203 722 2208 —
745 2188 770 2215 B
797 2187 850 2214 hat
875 2196 930 2215 nur
953 2187 999 2215 die
1021 2190 1096 2215 erste
1116 2188 1241 2224 Strophe
1263 2190 1317 2215 mit
1336 2189 1400 2216 dem
1420 2189 1519 2217 Rund-

204 2232 285 2257 reim.
307 2243 344 2248 -—
366 2226 390 2262 1,
412 2224 430 2254 3
452 2226 634 2254 endeliehiae
654 2227 721 2261 AD3
749 2225 906 2253 endelitiae
926 2227 959 2260 B,
981 2225 1160 2263 endelyehye
1180 2227 1211 2254 C.
1231 2241 1269 2246 ——
1288 2227 1334 2261 Βῆ,
1356 2225 1373 2254 6
1391 2227 1520 2255 resi-anes

205 2268 240 2295 A.
267 2283 304 2288 —
331 2264 357 2300 2,
385 2263 403 2292 2
430 2268 459 2293 et
485 2266 599 2301 superis
619 2263 654 2291 A.
680 2278 718 2283 —
743 2262 770 2298 2,
796 2261 814 2291 3
841 2263 1004 2292 Conservas
1023 2264 1060 2292 D.
1088 2278 1125 2283 —
1152 2263 1181 2298 2,
1208 2262 1229 2292 4
1253 2264 1366 2292 coelum
1391 2267 1520 2293 numeris

205 2306 266 2334 OD.
287 2320 325 2325 -—
348 2303 377 2338 2,
400 2302 436 2332 16
455 2303 530 2331 fehlt
548 2303 586 2330 D.
609 2316 646 2322 —-
664 2300 692 2336 3,
717 2300 735 2329 9
754 2302 869 2337 rejiciat
886 2303 923 2330 D.
946 2316 983 2321 —
1004 2302 1061 2329 Cfr.
1081 2303 1246 2331 Milelzsaek
1268 2300 1331 2330 199.
