1653 2564
726 90 959 125 -58-

216 294 223 302 .
250 268 479 308 congratulare
505 270 536 298 et
561 267 691 307 laetare,
870 269 902 300 3,
928 268 966 299 In
990 270 1045 299 tuo
1070 276 1134 309 esu,
1161 267 1242 300 bone
1266 269 1353 307 Jesu‚

298 314 408 347 Turba
430 322 514 345 nunc
536 313 687 353 fidelium,
975 314 1093 346 Nostra
1118 314 1189 346 dele
1213 314 1354 352 crimina,

250 362 300 394 Ab
326 361 411 393 omni
436 369 512 393 cura
535 365 639 392 mente
664 370 745 400 pura
927 361 1055 400 Nosque
1079 369 1231 393 conserva
1253 364 1285 392 et
1309 369 1425 393 enerva

298 408 374 441 Gole
397 408 459 439 Dei
483 407 591 439 filium.
975 407 1077 440 Saeva
1099 408 1210 439 mortis
1236 406 1377 441 fulmina.

220 463 233 477 0
249 456 399 494 Alleluja,
425 454 574 496 Alleluja‚
867 454 912 486 ΒΟ
927 454 1077 494 Alleluja,
1103 454 1254 494 Alleluja,

250 502 375 534 Christo
399 502 468 541 regi
489 502 604 543 jubila,
927 501 1054 534 Christo
1077 502 1147 541 regi
1167 502 1281 542 jubila,

249 550 308 588 Qui
332 558 367 580 sc
391 548 499 580 Jesum
526 548 582 580 dat
604 549 638 580 in
663 556 748 581 esum
926 548 985 588 Qui
1009 557 1044 580 se
1068 549 1176 581 Jesum
1203 550 1259 581 dat
1281 550 1315 581 in
1341 558 1427 581 esum

248 597 389 635 Fertque
416 596 521 627 cordis
544 595 662 627 nubila.
925 596 1066 635 Fertque
1091 596 1195 628 cordis
1220 596 1338 628 nubila.

219 689 224 694 .
252 663 310 702 Qui
334 670 393 701 pro
418 661 509 694 nobis
534 664 628 700 atque
652 662 741 694 vobis
868 665 900 698 4.
927 662 977 694 Ne
1003 663 1195 701 damnemur,
1223 662 1279 694 sed
1305 663 1464 695 salvemur

294 708 414 741 Necem
441 708 552 740 duram
575 709 702 740 susmfit
973 710 1036 742 Per
1058 712 1146 741 tuum
1167 709 1331 749 judicium,

247 756 283 788 In
311 756 411 787 crucis
436 764 491 787 ara
517 758 548 786 et
573 764 681 788 amara
925 756 984 795 Qui
1003 765 1035 788 es
1057 759 1239 789 cunctorum
1259 757 1485 796 plasmatorum

296 803 401 835 Morte
422 805 553 834 mortem
579 803 706 842 repulit.
974 803 1064 836 Finis
1090 805 1122 835 et
1145 803 1278 837 initium.

267 886 336 915 Cod.
354 885 567 921 Engelbcrgcn.
588 882 653 913 2³14.
679 894 749 914 ³aec.
772 883 816 914 14.
836 902 873 907 -—
892 884 919 920 3,
939 885 959 914 4
976 886 1060 914 Leva
1078 888 1179 914 mortis
1201 885 1299 914 fimlea
1318 887 1372 915 Hs.

805 1017 870 1048 85.

215 1112 221 1118 .
248 1087 326 1124 Ave,
354 1086 445 1117 dulce
469 1088 503 1117 tu
528 1084 729 1124 frumentum,
869 1088 900 1119 2.
925 1086 1029 1124 Salve,
1057 1085 1139 1117 calix
1167 1085 1231 1118 vini
1255 1086 1344 1124 meri,

250 1134 286 1166 In
311 1133 417 1165 Maria
443 1132 526 1172 quod
550 1134 710 1165 mventum
927 1133 1022 1172 Quem
1047 1141 1111 1164 non
1136 1132 1250 1165 bibunt
1273 1133 1431 1173 insinceri,

252 1180 361 1212 Crucis
386 1179 472 1211 venit
497 1179 538 1211 ad
562 1182 761 1219 tormentum,
929 1180 953 1212 O
979 1180 1021 1211 mi
1047 1179 1133 1221 Jesu,
1161 1180 1261 1212 dulcis
1287 1181 1385 1220 queri,

250 1227 364 1260 Cordis
388 1226 490 1258 nostri
512 1230 756 1267 pascementum.
924 1226 992 1258 Fac
1015 1230 1048 1258 te
1073 1227 1134 1258 cito
1159 1227 1327 1266 possideri.

248 1294 434 1325 Animarum
459 1300 572 1332 corpus
596 1293 726 1331 clarum,
925 1292 1096 1332 Virginalis
1122 1290 1179 1324 fios
1202 1293 1342 1325 vernalis

296 1340 375 1372 Caro
402 1347 511 1371 carens
537 1339 630 1378 carie,
972 1338 1089 1371 Factus
1115 1343 1163 1370 est
1186 1340 1356 1380 angelicus,

251 1386 450 1425 Consecrata‚
476 1385 534 1418 sed
558 1386 664 1418 velata
924 1386 1061 1419 Fructus
1086 1388 1186 1425 vivus,
1214 1388 1302 1419 cibus
1329 1388 1429 1428 divus,

295 1434 367 1466 Stat
389 1433 447 1466 sub
471 1433 564 1472 panis
589 1433 704 1473 specie.
971 1433 1016 1467 Ut
1040 1436 1190 1473 pascatur
1215 1434 1357 1467 coelitus

247 1499 381 1539 Sanguis
404 1502 506 1538 potus,
533 1498 677 1531 Christus
699 1501 785 1531 totus
923 1499 1024 1531 Miser
1046 1500 1149 1539 homo,
1175 1501 1229 1540 qui
1252 1509 1311 1541 pro
1335 1510 1428 1542 pomo

295 1546 358 1578 Hic
386 1546 432 1577 sio
455 1554 606 1586 praesens
632 1546 781 1585 creditur,
969 1546 1087 1578 Factus
1113 1549 1161 1579 est
1184 1545 1359 1587 famelicus,

250 1593 296 1626 Ut
321 1594 360 1626 de
383 1596 484 1625 matre
508 1592 576 1624 sine
598 1595 691 1631 patre
924 1593 1019 1626 Hunc
1041 1592 1194 1627 informat
1218 1598 1250 1626 et
1272 1595 1430 1627 innormat

294 1641 398 1672 Homo
421 1640 508 1672 Deus
533 1640 647 1674 editur.
972 1640 1067 1673 Cibus
1090 1642 1144 1673 hic
1165 1640 1334 1676 salvificus.

582 1707 614 1739 3.
639 1705 730 1746 Vale,
758 1706 845 1738 cibus
868 1705 1027 1744 salutaris,

639 1753 698 1791 Qui
723 1751 905 1793 frequenter
928 1753 1101 1786 immolaris

639 1799 742 1839 Super
764 1800 827 1831 tuis
852 1800 951 1832 sacris
976 1800 1050 1839 aris,

637 1846 807 1887 Nunquam
831 1850 936 1880 tamen
965 1848 1199 1882 consummaris.

637 1913 686 1944 Tu
712 1912 842 1952 dignare
866 1922 922 1945 nos
946 1914 1100 1945 mundare

686 1959 862 1993 Criminum
886 1970 906 1993 a
927 1960 1075 1993 sordibus

637 2007 682 2040 Et
705 2010 749 2046 tu,
776 2008 867 2047 bone,
893 2017 950 2041 nos
976 2017 1136 2048 compone,

685 2054 770 2093 Jesu,
797 2055 913 2087 nostris
938 2055 1098 2090 cordibus,

637 2121 728 2159 Veni,
753 2120 834 2160 veni,
860 2121 957 2152 corda
979 2121 1043 2153 leni

684 2167 753 2198 Tuo
778 2166 850 2199 divo
875 2175 1019 2207 corpore,

636 2213 725 2245 Dans
749 2214 873 2245 sincere
895 2214 1068 2246 immanere

684 2260 758 2292 Tibi
782 2261 866 2292 omni
889 2262 1042 2300 tempore.

262 2349 349 2378 Grad-
370 2357 422 2377 ms.
443 2350 589 2385 Pragense
610 2348 680 2375 anui
702 2346 783 2375 1410.
817 2348 889 2375 Cod.
910 2348 1082 2376 Altovaden.
1102 2347 1148 2376 42.
