1653 2564
728 109 960 143 „54-

196 202 226 234 3.
252 203 279 234 O
305 210 397 241 quam
422 197 499 242 ἅγια
871 202 903 234 4.
928 202 1027 234 Juxta.
1046 200 1162 231 merita

300 248 362 280 Est
384 248 463 280 haec
488 247 608 286 civitas,
976 246 1049 280 Illic
1073 246 1199 286 agmina

254 294 349 333 Cujus
375 294 462 326 ouria
929 293 1009 325 Sunt
1034 292 1196 332 disposita,

298 341 360 373 Est
382 341 563 373 solemnitas
974 336 1050 372 Ἐπὶ
1081 339 1215 371 culmina

252 388 396 420 Lenchos
419 388 526 420 nescia
930 387 1069 425 Quorum
1093 385 1204 418 inclita

295 434 341 466 Et
366 434 581 474 tranquillitas
979 433 1068 467 Coeli
1093 433 1219 465 domina

344 482 415 515 Abs
440 481 584 514 dissidio,
1023 480 1084 512 Est
1107 488 1175 512 eum
1201 479 1275 511 filio.

612 538 643 569 5.
670 536 717 567 Te
740 544 797 567 nos
823 545 953 568 eernere

711 584 891 621 Preeamur,
918 583 981 623 Eli,

669 630 766 669 Quem
792 632 939 663 continue

710 677 860 709 Laudant,
883 677 996 717 angeli,

669 723 769 756 Nobis
794 725 898 756 tribue

714 771 791 803 Post
813 773 947 803 mortem
972 769 1050 803 caeli

759 817 839 850 Frui
864 818 988 859 gaudio.

271 872 339 901 Cod.
358 874 485 901 Parisin.
511 873 558 907 (ol.
581 872 818 908 Sandionysian.)
846 871 952 902 15131.
977 881 1053 901 saec.
1082 871 1126 901 13.
1146 887 1183 890 —
1200 873 1261 900 Vor
1281 871 1345 898 dem
1365 871 1492 904 Reti-ain,

193 910 245 938 der
262 920 317 938 vor
337 911 393 939 Str.
416 909 430 938 1
453 912 536 944 steht,
558 911 646 939 heisst
666 920 710 938 es:
735 912 855 947 „Detele
873 912 962 939 heure
980 913 1012 938 vi
1032 911 1163 938 labiante
1175 910 1307 937 madame
1320 917 1414 945 guone
1427 909 1493 944 puis

195 957 267 976 sanz
285 949 317 975 li.
358 949 467 977 Contra
485 951 517 976 in
537 949 659 977 Latino:
688 949 760 976 Sion
780 951 881 977 eoneio
903 951 954 976 etc.
975 962 1013 968 —
1034 947 1059 984 1,
1079 947 1097 975 2
1117 956 1209 976 cenon
1231 948 1353 983 orgium.
1371 961 1410 967 —
1430 943 1456 979 3,
1477 944 1494 973 5

194 986 268 1014 Was
287 987 344 1013 mit.
360 987 494 1015 Lenchos
515 988 643 1024 gemeint
661 987 707 1020 ist,
729 987 823 1014 bleibt
841 989 897 1014 mir
917 996 955 1014 zu
974 986 1095 1018 dunkel‚
1124 994 1172 1014 um
1192 987 1257 1013 eine
1275 983 1439 1019 Konjektur
1458 993 1495 1010 zu

193 1032 309 1059 wagen3
330 1033 397 1052 man
422 1026 555 1052 erwartet
577 1024 640 1052 dem
654 1024 745 1052 Sinne
763 1025 838 1051 nach
859 1027 947 1052 etwas
968 1026 1024 1052 wie
1042 1023 1109 1051 finis
1129 1025 1237 1056 nescia,
1259 1022 1328 1049 oder
1347 1021 1493 1049 allenfalls

195 1061 244 1088 ein
261 1061 357 1095 Wort,
378 1062 430 1089 das
449 1062 534 1097 Leid,
553 1062 649 1097 Klage
671 1062 739 1089 oder
759 1061 910 1090 {huliehes
929 1062 1074 1090 bedeutet.
1094 1077 1128 1081 —
1151 1059 1178 1095 4,
1199 1060 1216 1088 7
1235 1060 1293 1089 Est
1310 1060 1390 1087 fehlt.

807 1127 876 1156 92.

192 1185 226 1217 1.
297 1185 465 1217 Praesenti
493 1184 643 1217 solemnio
871 1187 902 1218 4.
975 1182 1107 1224 Absque
1130 1183 1348 1215 molestemine

249 1231 435 1264 Orthodoxe
455 1231 600 1271 jubilate,
928 1231 979 1263 Ibi
1003 1229 1090 1262 κατὰ
1116 1232 1260 1262 creatura

250 1279 362 1312 Noxae
385 1279 478 1319 pulsa
503 1279 655 1311 caecitate
928 1278 997 1310 Sibi
1020 1278 1156 1317 plaudit,
1182 1286 1292 1309 carens
1318 1285 1394 1308 eura

297 1325 328 1357 A
354 1326 459 1358 cordis
482 1325 630 1364 hospitio.
973 1326 1018 1357 Et
1042 1325 1141 1356 hostis
1165 1323 1345 1357 formidine.

193 1383 225 1414 2.
299 1382 391 1414 Culto
415 1391 434 1413 a
459 1380 605 1414 fidelibus
871 1384 902 1414 5.
975 1382 1020 1414 Et
1042 1382 1143 1413 omnis
1167 1381 1313 1419 melodia,

253 1430 318 1461 Isto
348 1438 438 1469 geras
462 1438 535 1470 ergo
560 1427 651 1468 festo,
930 1428 1055 1460 Clamor
1079 1427 1123 1459 ibi
1147 1430 1288 1467 praestat
1313 1428 1427 1463 laudis,

250 1476 375 1509 Christo
407 1476 501 1507 decus
526 1476 660 1516 primum
688 1479 764 1515 esto,
927 1476 1028 1507 Amor
1050 1475 1103 1506 hio
1128 1477 1176 1506 est
1200 1483 1313 1515 expers
1340 1474 1473 1507 fraudis.

296 1522 379 1554 Dein
402 1524 520 1555 sanetis
545 1524 699 1556 omnibus,
976 1524 1024 1554 Ac
1053 1517 1125 1553 ἐνὸν
1150 1522 1330 1554 eoncordia.

192 1581 225 1612 3.
298 1578 424 1611 Summa
449 1582 498 1611 est
522 1578 657 1611 felicitas
871 1582 902 1613 6.
975 1579 1094 1618 Regem
1117 1581 1248 1610 cernunt
1270 1579 1390 1618 gloriae

250 1627 447 1659 Peramoena
473 1626 551 1658 coeli
577 1627 678 1664 domo,
929 1625 1015 1658 Coeli
1040 1626 1125 1658 cives
1151 1625 1310 1666 subjugati

249 1674 349 1706 Plena
373 1670 474 1710 κλέως
500 1675 704 1713 cinnam0m0‚
928 1673 1012 1715 Heli,
1039 1681 1180 1704 summae
1203 1673 1372 1712 majestati,

298 1721 389 1760 Jugis
415 1724 462 1751 est
484 1721 675 1754 solemnitas.
975 1720 1038 1752 Hic
1063 1722 1208 1752 constant
1231 1720 1264 1752 in
1288 1718 1379 1752 feria.

577 1777 609 1811 7.
681 1778 731 1809 Ao
755 1786 822 1809 eam
847 1775 990 1809 salvifica

631 1824 842 1856 Assistentem
866 1827 939 1855 tuae
965 1823 1054 1855 laudi

633 1872 776 1910 Gentem,
802 1871 939 1909 Adonai,
966 1870 1041 1902 audi

679 1918 724 1950 Et
748 1928 816 1951 eam
840 1917 982 1958 purifica.

269 1980 337 2008 cod.
356 1981 482 2010 Parisin.
501 1982 550 2017 (01.
571 1980 809 2018 Sandionysian.)
830 1979 935 2011 15131.
957 1990 1032 2010 saec.
1056 1979 1100 2010 13.

809 2057 876 2087 93.

675 2112 718 2142 De
739 2113 845 2144 saneto
865 2112 1005 2143 Antonio.

194 2171 225 2203 1.
251 2172 363 2212 Aquae
386 2173 479 2204 vivae
502 2172 557 2203 dat.
578 2170 697 2203 fluenta
873 2175 905 2205 2.
932 2172 1064 2204 Vineam
1088 2172 1277 2212 propaginat

296 2218 382 2250 Fons
408 2218 498 2251 vivus
523 2219 688 2256 Antonine,
978 2218 1115 2251 Cultoris
1139 2217 1306 2256 industria,

251 2266 364 2297 Floret
385 2266 506 2303 hortus,
531 2265 726 2297 incrementa
929 2265 1014 2296 Dum
1038 2265 1072 2296 in
1096 2265 1193 2297 ramis
1217 2264 1372 2304 germinat

301 2312 448 2344 Praestat
470 2312 531 2344 Dei
555 2310 648 2344 filius.
978 2313 1082 2344 verae
1105 2311 1178 2344 vitis
1203 2311 1315 2350 gratia,

303 2384 777 2396 .........
977 2357 1070 2398 Viget
1097 2357 1218 2389 fructus
1244 2357 1336 2396 eopia

303 2432 780 2444 .........
978 2404 1077 2437 Verbi
1101 2403 1173 2438 fusa
1195 2404 1314 2445 pluvia.
