1653 2564
698 93 955 126 —122—

778 211 857 241 1’75
862 229 869 239 .

544 303 630 342 Fuga
651 302 768 333 saeculi
787 303 893 334 beatos
912 310 968 333 nos
986 301 1099 333 reddit.

179 399 208 430 1.
235 399 355 430 Bonum
381 400 429 430 est
453 398 611 431 confidere
854 401 885 433 2.
913 399 1023 432 Carnis
1048 399 1088 430 ab
1115 401 1272 440 ergastulo

282 447 320 478 In
346 446 540 478 dominorum
564 446 709 486 Domino,
959 447 1056 479 Liber
1085 449 1137 478 eat
1161 447 1300 488 spiritus,

234 492 355 524 Bonum
384 495 431 524 est
457 501 545 533 spem
569 502 687 533 ponere
912 493 978 532 Quo
1000 494 1123 533 peccati
1147 494 1272 526 vinculo

282 540 319 571 In
344 539 413 580 spei
437 543 563 571 nostrae
586 540 730 580 termino,
1007 541 1172 573 Vinciatur

235 586 294 624 Qui
320 587 359 618 de
384 594 492 625 regum
516 587 668 629 potent-ia,
1003 588 1048 619 Et
1071 588 1217 619 trahatur

235 632 308 665 Non
334 635 374 665 de
396 632 458 664 Dei
482 633 649 666 clementia
959 635 1012 666 Atl
1034 632 1152 667 inferni
1177 635 1320 674 gemitus,

283 679 375 719 Spem
403 681 550 721 concipis,
911 681 974 713 Ubi
997 682 1084 713 locus
1107 679 1258 724 flentium,

280 727 327 758 Te
349 727 470 766 decipis
913 728 978 761 Ubi
1000 728 1119 761 stridor
1145 729 1293 770 dentium,

281 774 325 805 Et
350 774 469 813 excipis
958 775 1023 808 Ubi
1047 784 1149 815 poena
1172 775 1339 815 gehennali

281 821 330 852 Ab
356 821 429 852 aula
452 821 565 852 summi
588 821 753 861 principis,
956 821 1150 863 Affliguntur
1174 831 1280 854 omnes
1304 823 1397 864 mali3

235 867 315 905 Quid
339 868 373 899 in
398 876 491 906 opum
517 876 630 908 aggere
1003 871 1041 902 In
1068 869 1120 900 die
1143 869 1322 911 novissimo,

281 919 463 955 iaxaggeras
488 914 673 954 peccatum?
1005 918 1041 949 In
1068 916 1120 947 die
1143 916 1339 955 gravissimo,

281 961 318 992 In
342 961 410 993 Deo
437 962 605 1001 cogitatum
909 963 1039 1002 Quando
1061 963 1161 1001 judex
1185 963 1318 1002 venerit,

328 1008 429 1040 Tuum
451 1012 548 1048 jacta,
957 1009 1000 1042 Ut
1024 1009 1154 1042 trituret
1176 1018 1281 1042 aream

326 1056 418 1087 Prius
443 1058 515 1087 acta
955 1056 999 1088 Et
1025 1057 1178 1096 exstirpet
1202 1058 1336 1096 vineam,

282 1102 416 1134 Studeas
443 1103 610 1144 corrigere,
910 1103 995 1142 Quae
1018 1103 1154 1135 fructum
1184 1113 1247 1136 non
1275 1103 1396 1144 fecerit,

233 1149 270 1180 In
296 1149 404 1180 labore
427 1158 573 1180 manuum
956 1150 1009 1182 Sic
1032 1159 1162 1190 granum
1189 1160 1208 1182 a
1231 1151 1325 1190 palea

233 1196 276 1227 Et
300 1197 416 1228 sudore
441 1196 581 1227 vultuum
1003 1197 1181 1237 Separabit,
1209 1197 1412 1237 congregabit

281 1243 366 1274 Pane
390 1247 443 1274 tuo
470 1252 607 1276 vescere.
955 1244 1109 1276 Triticum
1133 1244 1167 1275 in
1191 1245 1314 1276 horrea.

512 1338 544 1371 3.
571 1338 595 1370 O
619 1337 704 1368 beati
727 1338 843 1370 mundo
869 1337 974 1378 corde,

567 1385 650 1423 Quos
674 1385 796 1423 peccati
821 1388 907 1416 tersa
931 1385 1025 1417 sorde

615 1430 733 1462 Vitium
757 1440 819 1463 11011
842 1431 995 1471 inquinat,

614 1477 723 1509 Scelus
746 1487 808 1510 non
835 1479 1001 1519 examinat,

661 1524 730 1556 Nec
754 1528 887 1565 arguunt
911 1528 1051 1566 peccata,

662 1572 721 1611 Qui
745 1572 872 1604 Domini
896 1573 1046 1605 mandata

615 1619 803 1651 Custodiunt
827 1621 859 1650 et
882 1619 1001 1660 sitiunt,

613 1665 715 1705 Beati,
738 1666 791 1705 qui
816 1666 957 1698 esuriunt

659 1712 703 1744 Et
726 1712 888 1745 confidunt
909 1713 942 1744 in
966 1713 1112 1753 Domino,

662 1759 729 1792 Nec
754 1760 891 1799 cogitant
917 1760 957 1792 de
982 1761 1131 1793 crastino.

614 1806 715 1845 Beati,
741 1807 795 1846 qui
819 1814 881 1838 non
905 1807 1069 1847 implicant

661 1852 702 1885 Se
727 1855 810 1886 curis
835 1855 1072 1894 temporalibuS,

614 1900 672 1938 Qui
696 1901 848 1932 talentum
871 1901 1085 1943 multiplicant

611 1947 657 1980 Et
679 1948 810 1980 verbum
833 1947 895 1981 Dei
917 1949 1106 1990 praedicant

663 1995 792 2027 Omissis
816 1996 1021 2030 secularibus

250 2098 332 2127 Cant.
358 2109 411 2127 ms.
436 2099 517 2126 Petri
542 2099 577 2127 de
602 2098 725 2127 Medicis
750 2106 824 2126 saec.
853 2095 896 2126 13.
933 2098 1001 2127 Cod.
1026 2100 1216 2127 Laurentian.
1237 2099 1282 2127 Pl.
1309 2097 1355 2126 29.
1382 2098 1408 2128 1.
1433 2115 1469 2120 —-

172 2137 229 2164 Die
249 2139 324 2164 erste
344 2136 468 2172 Strophe
488 2138 563 2164 auch
583 2138 678 2165 Carm.
699 2138 818 2164 Burana
837 2145 865 2172 p.
886 2134 912 2163 6.
