1653 2566
654 81 910 118 -121—

749 209 844 241 1³74.

492 291 549 328 Qui
568 291 719 323 virtutem
739 291 892 332 sequitur,
915 292 1023 322 beatus
1045 292 1101 322 est.

147 378 176 410 1.
204 378 333 419 Beatus,
360 380 413 418 qui
438 388 502 411 non
527 380 607 412 abiit
827 382 858 413 3.
884 380 1011 423 Beatus,
1039 379 1092 418 qui
1114 379 1147 410 in
1172 378 1333 419 prosperis

252 426 290 457 In
313 426 467 458 malorum
494 427 636 466 consilio,
931 427 1071 458 Mentem
1097 435 1158 457 non
1185 425 1382 467 exaltaverit,

250 472 458 504 Peccatorum
481 474 516 505 in
538 474 624 505 invio
930 473 1000 505 Nec
1024 481 1058 504 sc
1081 473 1174 505 nimis
1199 472 1350 505 artaverit

205 519 274 550 Nec
299 519 390 551 stetit
414 528 474 550 nec
498 520 634 561 appetiit
886 520 993 552 Rebus
1018 522 1139 551 artatus
1164 519 1297 560 asperis,

301 566 492 600 Gathedram
518 567 729 607 pestilentiae.
978 567 1116 599 Vincens
1140 567 1173 598 in
1198 566 1369 607 patientia3

204 613 331 654 Beatus,
358 614 411 653 qui
436 623 498 645 non
524 614 687 654 sequitur;
887 615 1013 652 Beatus,
1041 614 1094 653 qui
1117 613 1311 654 pauperibus

252 661 338 700 Quae
361 659 462 691 fluunt
486 665 573 692 stare
597 661 714 701 nescia,
933 662 997 694 Sua
1022 660 1199 693 diffundens
1223 660 1358 692 animum

251 708 337 747 Quae
362 716 424 738 non
449 710 524 738 sunt
539 709 767 749 permanentia,
932 708 1004 740 Non
1030 708 1144 739 clausit
1168 716 1242 748 erga
1258 708 1445 747 proximum,

204 754 273 786 Nec
297 754 398 786 ambit
421 762 482 785 nec
503 755 707 795 amplectitur
884 754 927 787 Sc
950 758 1057 787 natum
1084 755 1186 786 credit
1210 754 1363 794 omnibus,

299 801 458 834 Instinctu
484 811 583 834 vanae
607 802 736 842 gloriae.
979 802 1166 842 Insignitum
1192 802 1367 833 clementia.

145 848 186 879 Rs
208 849 232 881 Ο
259 847 348 892 felix,
378 857 468 888 quem
494 858 558 882 non
584 850 714 890 cruciat,
826 849 866 881 R(
890 849 914 881 O
940 848 1028 891 felix,
1055 857 1146 888 quem
1171 858 1233 881 non
1260 849 1389 890 cruciat,

201 896 271 929 Nec
295 896 422 928 mordet
445 904 505 927 nec
527 897 688 935 angustiat
888 895 957 927 Nec
979 895 1106 928 mordet
1129 904 1189 927 nec
1213 896 1371 935 angustiat

255 943 407 975 Stimulus
433 944 598 983 avaritiae,
934 942 1086 975 Stimulus
1112 943 1276 982 avaritiae,

249 992 320 1023 Nec
342 990 398 1023 fax
420 993 493 1022 uret
514 991 664 1024 invidiae.
931 989 1000 1021 Nec
1023 988 1078 1020 fax
1101 993 1173 1021 uret
1194 989 1345 1021 invidiae.

144 1087 176 1117 2.
203 1086 331 1125 Beatus,
359 1093 451 1124 quem
477 1085 643 1117 calcaneus
828 1084 859 1115 4.
885 1082 1013 1124 Beatus,
1040 1083 1093 1121 qui
1119 1083 1342 1120 contempserit

249 1132 320 1164 Non
346 1133 463 1173 premit
487 1132 712 1172 poenitentiae,
932 1130 1061 1162 Caduca
1084 1130 1194 1161 mundi
1218 1130 1345 1172 gaudia,

251 1180 381 1221 Beatus,
409 1179 621 1210 conscientiae
933 1176 1113 1216 Adspirans
1137 1177 1180 1208 ad
1206 1176 1356 1208 coelestia

204 1228 302 1267 Quem
327 1236 389 1259 non
414 1226 528 1266 pungit
551 1226 688 1265 aculeus,
884 1223 929 1256 Et
952 1225 1019 1263 pati
1045 1224 1254 1264 praeelegerit

298 1275 367 1307 Nec
375 1273 771 1313 turbantmentisproelia3
982 1271 1117 1303 Dolores
1143 1274 1175 1302 et
1197 1270 1376 1310 angustias;

203 1322 331 1362 Beatus,
359 1321 413 1360 qui
437 1330 473 1352 se
497 1320 623 1353 noverit
887 1318 1015 1358 Beatus,
1042 1318 1093 1348 cui
1118 1318 1268 1350 divinitus

252 1369 343 1401 Dono
370 1369 515 1400 coelestis
540 1367 662 1408 gratiae
936 1364 1046 1398 Infuso
1072 1373 1144 1396 rore
1168 1364 1293 1405 gratiae

249 1417 362 1457 Neque
387 1418 481 1448 vento
506 1414 675 1455 superbiae
934 1412 1070 1444 Faeeem
1094 1410 1175 1452 fugit
1198 1412 1351 1451 luxuriae,

202 1464 307 1504 Supra
331 1473 367 1496 se
391 1466 503 1503 raptus
529 1462 626 1494 fuerit
888 1459 1043 1499 Magister
1068 1460 1171 1490 carnis
1197 1458 1328 1499 spiritus

295 1511 362 1545 Sibi
388 1512 582 1551 postponens
608 1509 723 1541 omnia.
981 1534 1305 1543 ..........

484 1597 516 1628 5.
542 1596 671 1635 Beatus,
695 1594 749 1634 qui
772 1593 805 1625 in
829 1592 967 1632 patriam

589 1641 672 1674 Fixo
696 1641 813 1673 mentis
837 1640 982 1672 acumine

541 1737 738 1770 Mandanam
763 1735 887 1776 spernit
909 1735 1042 1776 gloriam

636 1784 680 1816 Et
700 1784 948 1816 marcescentem
971 1781 1155 1822 flosculum3

541 1833 670 1872 Beatus,
697 1832 750 1872 qui
775 1830 940 1863 transierit

589 1879 641 1910 Ab
666 1879 728 1911 hac
753 1878 836 1911 valle
859 1877 1007 1908 miseriae

589 1925 635 1957 Et
658 1927 700 1958 ad
723 1933 834 1958 verum
854 1924 998 1963 justitiae

544 1973 649 2005 Solem
673 1973 848 2004 translatus
874 1970 980 2013 fuerit,

640 2019 735 2052 Vivet
759 2018 842 2050 enim
866 2018 900 2049 in
924 2016 1095 2049 saeculum.

216 2118 306 2146 Cant.
332 2124 386 2144 ms.
412 2115 494 2142 Petri
518 2114 554 2142 de
579 2113 704 2141 Medicis
732 2120 808 2140 saec1
836 2108 879 2138 13.
917 2109 987 2137 Cod.
1009 2109 1199 2138 Laurentian.
1219 2107 1264 2136 Pl.
1291 2106 1336 2136 29.
1366 2107 1389 2136 1.
1414 2125 1453 2129 —

144 2158 232 2188 Fehlt
250 2157 299 2184 bei
320 2153 485 2183 chevalier.
