1653 2564
787 238 855 268 60.

844 316 875 348 3.
902 314 1069 347 Salvamur
1095 315 1208 357 pretio,

901 362 1029 394 Psallat
1051 362 1129 394 haee
1152 361 1273 401 concio,

902 408 1067 441 Salvamur
1090 409 1193 449 pret-io

946 456 1065 496 Magna
1091 456 1131 488 de
1155 456 1267 495 gratia,

900 503 1022 534 Psallat
1046 503 1125 534 haee
1150 502 1257 534 concio

945 549 1042 581 Festa
1066 550 1238 589 paschalia.

190 335 197 343 .
224 311 319 343 Vocis
343 313 494 354 tripudio,

223 357 350 391 Psallat
368 359 446 392 haec
470 361 589 402 concio,

225 405 319 437 Vocis
343 406 483 446 tripudio

271 451 335 484 Sed
358 456 463 486 mente
486 455 593 487 sobria

223 499 347 531 Psallat
370 500 449 532 haee
474 503 581 534 concio

268 547 367 578 Festa
389 550 561 587 paschalia.

188 644 195 651 .
222 620 293 652 Non
319 622 423 662 parcit
444 623 520 664 filio,
839 625 872 656 4.
897 624 953 656 Fit
976 625 1174 665 resurreetio,

220 668 348 701 Psallat
370 669 448 701 haee
472 670 589 710 concio,
898 670 1023 704 Psallat
1042 672 1120 704 haee
1143 672 1263 712 concio,

222 715 295 747 Non
319 716 424 756 parcit
446 716 512 749 filio
896 717 952 749 Fit
973 719 1163 750 resurrectio

267 763 372 795 Patris
398 764 573 803 clementia,
943 765 1008 797 Sub
1034 766 1085 797 die
1109 766 1213 805 tertia,

219 809 342 841 Psallat
365 810 443 842 haec
467 812 574 843 concio
897 812 1020 844 Psallat
1041 813 1120 844 haee
1145 812 1252 844 concio

266 858 364 889 Festa
386 859 557 896 paschalia.
944 860 1043 892 Festa
1066 860 1239 899 paschalia.

559 934 589 965 5.
616 933 682 965 Nos
706 933 809 972 replet
834 933 960 974 gaudio,

610 979 742 1012 Psallat
765 979 842 1012 haec
867 980 986 1021 concio,

611 1026 706 1060 Vocis
730 1027 871 1066 tripudio

660 1073 779 1105 Christi
802 1074 945 1113 victoria,

611 1120 735 1152 Psallat
758 1121 837 1151 haee
862 1121 969 1152 concio

657 1166 756 1198 Festa
779 1167 954 1206 paschalia.

237 1251 319 1278 Cant.
345 1259 397 1277 ms.
422 1250 503 1279 Petri
527 1251 563 1279 de
585 1251 706 1279 Modicis
732 1259 806 1278 saec.
836 1249 878 1278 13.
914 1250 983 1278 Cotl.
1007 1251 1195 1278 Laurentian.
1220 1251 1264 1277 Pl.
1290 1249 1335 1277 29.
1367 1249 1390 1277 1.
1417 1265 1454 1269 —

181 1308 188 1321 ‚
214 1286 228 1315 1
249 1288 407 1316 Salvantm·
426 1288 480 1317 Hs.

780 1437 846 1467 61.

838 1516 871 1547 4.
898 1514 1073 1553 Suspensus
1097 1514 1131 1545 in
1155 1514 1273 1556 stipite,

897 1561 1012 1593 Omnes
1035 1563 1152 1601 gentes,
1169 1560 1329 1602 plaudite,

895 1607 1071 1646 Suspensus
1095 1608 1127 1639 in
1152 1607 1271 1646 stipite,

941 1655 1089 1694 Resurgit
1117 1663 1186 1685 oum
1214 1654 1331 1696 bravio,

185 1539 193 1547 .
219 1514 380 1546 Processit
402 1515 436 1546 in
461 1516 573 1557 eapite,

218 1560 334 1594 Omnes
357 1563 472 1602 aemes,
492 1562 654 1606 plaudite,

217 1609 377 1640 Processit
398 1608 431 1640 in
457 1610 561 1649 eapite

263 1655 382 1686 Nostra
409 1657 609 1695 resurrectio,

218 1702 332 1733 Omnes
358 1705 476 1743 gentes,
502 1704 645 1743 plaudite

260 1748 408 1780 Manibus
433 1758 511 1788 prae
535 1750 659 1790 gaudio.

186 1849 192 1856 .
219 1824 298 1864 Regi
323 1827 430 1856 nostro
455 1826 593 1865 psallite,

216 1871 332 1904 Omnes
355 1875 472 1912 flentes,
491 1873 651 1915 plaudite,

213 1919 294 1959 Regi
318 1921 425 1950 nostro
450 1920 589 1961 psallite,

262 1966 363 1998 Sensu
387 1968 491 1998 tamen
516 1967 631 2009 sobrio,

215 2014 329 2046 Omnes
354 2015 473 2054 gentes,
499 2014 644 2054 plaudite

260 2060 410 2092 Manibus
435 2070 513 2099 prae
535 2062 659 2102 gaudio.

180 2161 186 2167 .
214 2136 272 2175 Qui
299 2136 453 2175 dormitis,
478 2137 608 2179 surgite,

213 2182 329 2216 Omnes
351 2185 467 2227 qentes,
486 2184 645 2223 plaudite,

213 2230 273 2269 Qui
298 2229 452 2268 dormitis,
478 2230 606 2270 surgite,

257 2277 373 2308 Mundi
399 2276 438 2308 de
463 2276 638 2317 naufragio,

213 2324 328 2355 Omnes
353 2325 472 2366 gentes,
498 2324 641 2364 plaudite

261 2370 409 2402 Manibus
434 2379 512 2409 prae
536 2370 661 2411 gaudio.

894 1702 1009 1734 Omnes
1033 1704 1151 1741 gentes,
1177 1702 1331 1741 plaudite,

940 1748 1088 1780 Manibus
1115 1757 1193 1789 prae
1217 1748 1343 1788 gaudio,

860 1849 868 1856 .
894 1824 1003 1863 Aquas
1026 1823 1156 1855 Marath
1180 1822 1291 1863 bibite,

894 1870 1009 1903 Omnes
1032 1873 1147 1913 gemes,
1167 1870 1318 1910 plaudite

893 1918 1002 1957 Aquas
1021 1918 1151 1949 Marath
1175 1917 1276 1949 bibite

940 1965 1034 2005 Ligni
1063 1964 1227 2004 beneficio,

893 2013 1008 2045 Omnes
1033 2014 1152 2054 gentes,
1178 2011 1323 2051 plaudite

940 2059 1089 2091 Manibus
1114 2068 1193 2099 prae
1217 2059 1342 2099 gaudio.

859 2162 867 2167 .
892 2136 1036 2167 Aeneum
1059 2135 1220 2174 opponite,

894 2182 1009 2215 Omnes
1032 2184 1149 2225 ⁸qentes,
1167 2180 1326 2223 plaudite,

891 2230 1034 2261 Aeneum
1059 2229 1210 2268 opponite

939 2276 1125 2316 Serpentem
1149 2274 1318 2314 Aegyptio,

894 2324 1009 2355 Omnes
1034 2325 1153 2362 gentes,
1179 2320 1322 2361 plaudite

940 2369 1089 2402 Manibus
1112 2377 1191 2408 prae
1215 2367 1339 2407 gaudio.
