1653 2564
762 125 993 160 -86-..

228 277 258 309 1.
285 277 401 315 Fulget
424 275 585 314 Nicolaus,
907 278 940 309 2.
966 276 1092 307 Nicolai
1116 277 1257 315 praequi

332 322 463 354 Gemma
487 322 680 363 pontificum,
966 322 1051 354 Novi
1076 323 1191 354 dentur
1214 324 1344 363 moduli,

286 369 417 402 Praesul
444 370 597 410 egregius,
1013 369 1073 408 Qui
1098 371 1173 409 post
1195 371 1245 401 tot
1264 369 1401 408 insignia

331 416 436 448 Decus
460 417 647 457 angelicum,
1013 416 1174 447 Virtutum
1201 416 1360 456 magnalia

285 464 329 496 ΤΠ
354 463 442 495 sidus
467 472 596 496 aureum
1059 463 1216 495 Probatus
1239 463 1274 494 in
1298 472 1399 503 agone

332 510 370 542 In
398 512 477 542 coeli
500 512 590 553 solio,
1012 509 1085 541 Non
1109 510 1215 541 timuit

331 557 435 589 Solari
458 558 551 590 radio
1013 556 1083 589 Nec
1108 556 1211 589 defuit

286 605 387 636 Axem
412 606 592 637 aethereum
1062 604 1214 646 Martyrii
1239 613 1382 637 coronae.

331 651 499 684 Illustrans
525 653 650 684 clarius.

626 710 658 742 3.
684 709 826 748 Nicolae,
853 707 997 749 pontifex
1022 708 1157 749 egregie,

677 756 783 788 Decus
808 757 894 796 cleri,
920 756 1083 796 speculum
1106 756 1258 788 ecclesiae

725 804 856 836 Patriae
876 804 1032 845 solatium,
1077 835 1080 841 ,

724 852 865 883 Tuorum
888 849 1053 893 refugium,

771 898 839 930 Fac
862 907 1018 939 rogamus,

771 945 818 978 Ut,
842 953 1005 977 cernamus

724 993 870 1026 Judicem
894 993 1078 1033 propitium.

305 1057 387 1084 Cant.
415 1065 467 1085 ms.
487 1058 568 1085 Petri
588 1058 624 1085 de
643 1058 767 1085 Medicis
788 1066 862 1085 saec.
885 1055 929 1085 13.
964 1058 1032 1085 Cod.
1052 1058 1242 1085 Laurentian.
1261 1059 1306 1086 Pl.
1327 1056 1371 1086 29.
1394 1057 1419 1086 1.
1438 1060 1472 1086 A.
1494 1074 1529 1078 -

228 1094 297 1123 (Lod.
325 1094 578 1131 Guelfenbyteran.
604 1095 814 1124 Helmstadien.
840 1093 903 1123 628.
929 1104 1003 1123 saec.
1033 1093 1077 1123 13.
1101 1099 1134 1123 Β.
1167 1110 1204 1114 —
1233 1096 1272 1129 B,
1300 1096 1352 1124 das
1377 1097 1440 1124 hier
1466 1106 1530 1125 ver-

228 1133 376 1159 stiimmelt
395 1134 449 1168 ist,
475 1134 505 1161 be
517 1135 596 1165 finnt
614 1132 640 1168 2,
661 1132 680 1161 4
699 1135 754 1161 mit
773 1134 837 1161 dem
856 1134 959 1161 XVorte
979 1131 1163 1169 [mag]nalia.
1203 1133 1259 1161 Gfr.
1278 1134 1444 1162 Milchsaek
1465 1132 1527 1162 168.

828 1226 925 1257 128.

231 1287 260 1318 1.
285 1286 436 1318 Intonent
458 1286 553 1317 hodie
907 1287 938 1319 3.
963 1284 1096 1317 Parenti
1120 1286 1235 1318 misero

287 1333 387 1364 Voces
414 1333 575 1373 ecclesiae,
965 1332 1134 1365 Submerso
1158 1342 1257 1372 puero

286 1378 362 1411 Dies
387 1379 528 1412 laetitiae
964 1380 1050 1412 Mari
1073 1379 1226 1420 pestifero

333 1425 473 1458 Refulsit
495 1427 529 1458 in
553 1428 679 1471 mundo,
1015 1427 1121 1470 Dedit,
1149 1428 1233 1467 quod
1255 1427 1380 1466 petivit,

332 1473 418 1513 Ergo
442 1474 633 1507 laetabundo
1014 1475 1129 1506 Preces
1154 1474 1324 1516 exaudivit,

289 1520 393 1553 Corde
411 1520 580 1560 ,iubilemus
967 1520 1169 1552 Submersum
1191 1529 1325 1560 puerum

332 1568 377 1600 Et
401 1576 455 1599 ore
476 1569 627 1609 jucundo.
1012 1568 1118 1600 Patris
1145 1568 1324 1602 custodivit.

229 1628 260 1659 2.
288 1625 420 1657 Sanctus
445 1625 498 1657 hic
522 1626 660 1667 inclitus,
906 1626 938 1657 4.
964 1624 1079 1655 Tribus
1104 1624 1277 1664 virginibus

286 1672 422 1704 Domino
449 1673 604 1715 subditus,
963 1672 1056 1704 Victu
1083 1671 1262 1703 carentibus

286 1720 324 1751 In
351 1719 438 1750 cunis
463 1720 584 1760 positus
969 1735 1356 1744 ---------

333 1766 443 1800 Ubera
468 1768 600 1807 vitabat,
1009 1765 1165 1797 Reddidit
1193 1765 1354 1805 honorem,

335 1814 457 1853 Corpus
484 1813 676 1853 macerabat,
1010 1812 1175 1844 Subtraxit
1199 1821 1349 1853 errorem,

285 1861 330 1893 Et
352 1863 402 1892 ter
426 1861 460 1893 in
484 1861 616 1894 sabbato
962 1860 1112 1892 Reddens
1136 1859 1309 1900 virginibus

331 1910 416 1941 Puer
433 1908 607 1949 Jejunabat.
1010 1907 1193 1948 Virgineum
1220 1905 1341 1940 florem.

303 1974 391 2003 Grad.
417 1983 469 2002 ms.
489 1975 700 2010 Mosburgense
724 1974 793 2000 anni
818 1971 900 2001 1360.
934 1973 1003 2001 Cod.
1024 1973 1112 2001 Univ.
1132 1974 1284 2000 Monacen.
1312 1971 1373 2000 157Γ
1400 1987 1439 1991 -
1466 1971 1490 2008 1,
1512 1971 1529 2001 6

227 2013 286 2040 und
307 2012 323 2039 7
346 2012 461 2040 werden
480 2013 556 2040 nach
577 2012 632 2040 den
652 2011 761 2039 andern
774 2011 921 2047 Strophen
940 2012 984 2039 ais
997 2011 1157 2039 Rundreim
1176 2010 1354 2044 wiederholt,
1375 2019 1435 2038 was
1449 2011 1531 2038 nicht

227 2050 432 2086 urspriinglich
451 2051 602 2078 erscheint.
635 2047 672 2076 In
686 2049 742 2077 Str.
763 2047 781 2077 3
801 2050 861 2077 und
879 2048 899 2077 4
919 2051 959 2077 ist
978 2049 1026 2077 die
1045 2049 1159 2077 sechste
1172 2049 1253 2076 Zeile
1266 2049 1413 2085 Gesauges
1427 2048 1530 2077 halber

229 2089 385 2115 erweitert:
412 2087 600 2116 submersum
620 2097 685 2115 sum
703 2095 780 2124 sum,
805 2087 994 2115 Submersum
1014 2096 1078 2115 sum
1098 2096 1169 2121 sum,
1194 2086 1381 2115 submersum
1400 2096 1531 2123 puerum.

232 2239 262 2271 1.
287 2238 437 2270 Exsultet
459 2238 538 2270 haec
562 2238 670 2270 concio
908 2241 938 2271 2.
965 2238 1036 2271 Olei
1057 2238 1248 2279 compressio

334 2285 373 2317 In
398 2286 499 2317 sancti
522 2285 648 2317 Nicolai
1009 2285 1131 2317 Multos
1157 2287 1247 2318 curat
1272 2295 1292 2317 a
1312 2285 1417 2316 morbi

383 2332 555 2364 Praeconio
565 2342 573 2371 3
1058 2332 1221 2372 Supplicio
1232 2345 1239 2374 3

334 2378 483 2410 Nicolaus
514 2380 561 2410 est
586 2378 664 2409 cleri
1010 2378 1162 2411 Nicolaus
1187 2382 1237 2411 est
1260 2378 1339 2410 cleri

383 2426 553 2457 Protectio.
1058 2425 1228 2457 Protectio.
