1653 2566
174 162 228 195 14.
241 163 411 208 Philistim,
435 166 606 207 Philistim,

288 210 426 256 Surgite,

242 259 369 298 Clipeos
396 262 428 292 et
449 261 576 293 lanceas

288 307 442 348 Arripite,

242 353 257 384 I
283 356 315 385 et
340 362 368 394 e,
397 364 417 387 a
441 357 473 386 et
498 364 527 396 o,

241 400 375 432 Hostem
400 401 517 434 victum
543 404 644 435 teneo,

173 494 395 536 15.ldumaei,
423 495 561 529 Gebusei

287 542 435 585 Veniunt,

241 589 422 635 Gergesaei,
446 591 598 623 Pheresei

289 636 436 677 Capiunt,

241 684 387 716 Philistei
412 685 590 718 verberant.

174 778 227 811 16.
240 779 442 812 Orbaverunt
464 788 515 811 me
539 779 658 812 lumine

241 826 467 859 Consecratum
493 828 633 870 crimine,

241 874 343 906 Tanto
368 874 453 915 perit
477 873 619 915 fulmine,

241 921 301 960 Qui
330 930 365 953 se
390 922 493 953 credit
517 921 662 956 feminae.

175 1015 228 1049 17.
241 1015 362 1048 Nolunt
385 1016 464 1047 mihi

240 1063 363 1095 Nolunt
390 1063 468 1095 mihi
491 1072 634 1105 parcere,

242 1110 382 1151 Crucior,
408 1110 540 1154 vincior,

238 1157 363 1190 Morior
388 1159 421 1190 in
448 1166 584 1191 carcere.

793 71 857 107 171
907 92 953 96 -

915 168 1046 202 Perfero
1070 168 1219 210 ludibria,

914 216 1009 248 Risus
1033 220 1064 249 et
1090 216 1279 257 opprobria3

916 263 990 306 Sed,
1020 264 1048 294 si
1071 264 1172 295 crines
1198 263 1363 303 creverint,

915 310 1071 351 Reddam,
1098 310 1250 351 quidquid
1276 309 1417 343 fecerint.

849 376 1047 415 18,Quando
1072 375 1155 409 festa
1177 377 1316 419 veniunt,

914 422 1042 456 Ludere
1065 433 1116 455 me
1140 422 1276 465 faciunt,

963 471 1072 503 Crines
1099 474 1275 513 creverunt,

960 518 1053 549 Vires
1084 521 1246 552 venerunt.

848 580 902 613 19.
913 579 990 611 Dies
1015 577 1116 611 festus
1136 579 1247 612 aderat

914 626 958 658 Et
981 628 1107 658 senatus
1132 627 1268 669 sederat,

959 673 1052 705 More
1077 674 1186 706 dicunt
1209 673 1318 705 solito:

960 719 1062 752 Nobis
1085 721 1178 753 ludos
1201 720 1308 762 facito,

1009 766 1139 800 Plaude.

846 830 900 862 20.
913 828 1042 861 Ludens
1066 828 1225 869 ludebam,

914 875 1074 916 Lugebam
1098 877 1218 917 lugens,

915 923 1097 955 Columnam
1127 924 1258 963 arripui,

914 970 1028 1002 Totam
1053 970 1178 1002 domum
1202 970 1321 1011 subrui,

915 1017 998 1049 Fere
1022 1018 1084 1049 tria
1106 1017 1194 1049 milia

916 1064 1135 1096 Observabant
1159 1065 1250 1096 atria.

915 1112 977 1143 Pro
1000 1111 1058 1143 tali
1083 1112 1216 1143 victoria

915 1157 1046 1191 Samson
1075 1159 1116 1190 sit
1140 1159 1174 1190 in
1198 1158 1308 1198 gloria.

247 1251 335 1286 Trop.
356 1260 408 1279 ms.
429 1259 505 1279 saec.
523 1249 566 1280 13.
593 1251 661 1279 Cod.
682 1251 884 1287 Stuttgartien.
907 1251 970 1279 ΗΒ.
990 1253 1006 1280 Ι
1025 1251 1091 1279 Asc.
1107 1250 1152 1280 95.
1173 1266 1209 1270 -
1228 1251 1256 1286 4,
1279 1249 1314 1278 12
1333 1251 1387 1279 lie*
1408 1253 1477 1279 totis

179 1289 315 1317 nisibus?
336 1305 372 1309 -
393 1288 418 1324 9,
443 1288 457 1316 1
478 1290 533 1318 lies
554 1290 725 1317 carissime?

579 1419 622 1450 De
641 1427 666 1450 s.
689 1418 854 1450 &uillelmo
880 1417 1075 1450 Bituricensi.

171 1596 200 1629 1.
228 1595 253 1628 Ο
280 1594 358 1627 felix
380 1595 513 1633 Bituria,

276 1643 379 1683 Caput
400 1641 602 1682 Aquitaniae,

228 1690 265 1721 In
287 1699 350 1731 qua
374 1691 461 1730 viget
484 1689 595 1730 gloria,

273 1738 345 1770 Lux
371 1742 403 1770 et
426 1737 580 1776 splendor
605 1736 739 1777 Galliae,

225 1785 263 1817 In
290 1794 351 1826 qua
374 1785 524 1825 splendet
547 1785 660 1824 gratia,

274 1832 393 1865 Christi
418 1832 501 1872 regis
525 1832 655 1873 gloriae,

227 1880 285 1919 Qui
315 1889 373 1911 sua
397 1880 564 1912 clementia

272 1927 419 1961 Providit
443 1927 609 1961 ecclesiae.

168 2006 199 2037 2.
227 2004 263 2035 In
292 2006 324 2036 te
347 2003 434 2044 viget
458 2003 561 2035 incliti

273 2051 416 2084 Pastoris
440 2050 595 2091 potentia,

227 2099 287 2138 Qui
311 2098 414 2130 sancti
435 2097 586 2138 paracliti

273 2146 406 2186 Semper
430 2146 544 2185 plenus
569 2145 672 2184 gratia

226 2194 340 2236 Gregis
365 2193 427 2226 sibi
452 2193 573 2225 subditi

273 2242 413 2281 Corripit
438 2241 581 2281 vestigia,

223 2292 285 2324 Pro
310 2289 459 2323 mercede
483 2288 591 2321 meriti

270 2339 396 2378 Regnat
418 2338 452 2370 iu
478 2336 637 2369 coelestia.

777 1506 878 1537 240.

853 1595 884 1626 3.
911 1594 974 1626 Per
998 1593 1081 1625 hunc
1106 1602 1190 1626 mors
1217 1593 1399 1637 conteritur,

957 1641 1117 1674 Premitur
1141 1643 1264 1684 natura,

909 1688 994 1722 Dum
1016 1690 1073 1720 lux
1098 1688 1200 1721 caecis
1223 1688 1380 1729 redditur,

957 1736 1041 1768 Dum
1066 1736 1173 1768 lucent
1197 1736 1341 1777 obscura,

909 1783 993 1817 Dum
1017 1786 1105 1816 actus
1129 1784 1319 1827 ingreditur,

956 1831 1070 1864 Perdit
1093 1841 1151 1864 sua
1170 1831 1255 1872 Jura,

909 1879 999 1918 Quod
1022 1878 1109 1912 Deus
1134 1879 1347 1919 prosequitur,

957 1926 1074 1959 Melior
1096 1929 1222 1959 natura.

852 2004 883 2036 4.
910 2002 1033 2035 Poenas
1057 2002 1110 2033 hic
1134 2002 1293 2041 sustinuit,

958 2049 1008 2081 Ne
1032 2057 1151 2090 poenas
1174 2049 1363 2091 incurreret,

911 2096 980 2130 Sibi
1003 2099 1137 2128 mortem
1160 2096 1277 2137 intulit,

954 2144 1092 2176 Mortem
1117 2149 1154 2177 ut
1178 2143 1344 2184 effugeret,

905 2191 990 2225 Eum
1018 2192 1136 2224 mundo
1161 2191 1302 2234 abstulit,

954 2239 999 2273 Ut
1022 2241 1056 2272 in
1080 2239 1197 2271 mundo
1223 2240 1354 2283 viveret,

904 2287 1046 2320 Mundus
1072 2295 1199 2320 carnem
1226 2288 1357 2332 domuit,

953 2335 1004 2368 Ne
1028 2336 1115 2368 carni
1138 2335 1370 2369 subcumberet.
