1653 2564
730 86 964 119 *80-

201 178 261 209 4a.
287 176 384 209 Seeus
407 178 506 217 pedes

332 226 493 263 prostrata
512 223 614 262 jaceo,

284 270 360 302 Mea
382 278 503 301 mecum

333 319 465 355 peccata
488 316 579 355 lugeo

284 362 329 395 Et
350 364 457 394 levare

332 409 452 441 vultum
476 418 539 441 non
564 409 665 441 audeo

378 456 460 488 Prae
483 456 617 496 pudore.

201 552 258 584 δα.
284 551 337 583 Ad
363 550 511 583 convivas

330 599 447 630 intravi
471 596 596 638 flebilis,

284 645 413 684 Dolens,
442 653 567 686 gemens

330 695 364 723 et
384 692 584 735 miserabilis,

282 740 369 771 Audi
393 742 539 779 quaestus

332 789 361 818 et
386 794 496 825 preces
521 786 646 818 humilis

376 833 582 866 Poenitentis.

201 930 261 961 6a.
286 927 361 961 Plus
385 937 436 959 me
460 930 586 968 torquet

332 975 448 1007 amissa
471 975 583 1015 gratia,

285 1023 383 1062 Quam
408 1024 591 1062 torquerent

329 1069 429 1101 multa
452 1069 617 1109 supplicia,

328 1116 400 1155 Eia,

329 1164 455 1196 Summa
480 1163 645 1195 elementia

329 1210 415 1242 Data
438 1219 489 1241 me
512 1211 606 1243 venia

422 1257 535 1290 Redde
558 1258 708 1291 libertati.

207 1354 225 1385 7
237 1360 266 1386 a.
283 1351 402 1391 Quibus
424 1354 536 1391 pectus

325 1401 417 1431 vacet
442 1399 572 1438 deliciis,

282 1446 364 1478 Satis
395 1446 489 1478 certis

325 1496 480 1526 monstrat
501 1494 629 1526 indiciis

373 1541 482 1574 Pallor
505 1542 538 1573 in
562 1541 645 1574 faeie

376 1587 528 1621 Confecta
550 1589 660 1631 macie,

374 1636 460 1675 Quae
484 1637 592 1668 tantae
615 1636 736 1676 gratiae

419 1682 648 1723 Nonnunquam
682 1685 812 1719 exstitit,

205 1778 224 1809 8
236 1786 265 1808 a.
279 1775 388 1816 Longo
413 1777 501 1808 luctu

327 1825 519 1864 consumptis
542 1824 681 1857 lacrimis

277 1870 380 1903 Dolor
399 1880 531 1911 magnus

325 1918 427 1951 saevit
449 1919 482 1950 in
507 1919 635 1962 intimis,

275 1965 386 2004 quue
409 1966 545 1998 miserae

325 2013 398 2052 plus
419 2014 486 2044 urit
509 2013 666 2055 spiritum,

280 2059 345 2098 Quo
371 2059 457 2091 foras
481 2060 582 2092 libere

326 2115 387 2138 non
411 2106 508 2137 habet
533 2107 660 2140 exitum.

206 2199 264 2231 9a,
278 2198 467 2230 Pharisaeus
492 2198 596 2238 arguit

281 2244 326 2276 Et.
350 2243 515 2283 profanam
541 2245 654 2284 renuit,

326 2291 422 2330 Quem
445 2291 607 2331 peccatrix
628 2290 746 2333 tangit3

878 176 940 210 41).
966 178 1061 209 Vitae
1081 186 1171 210 meae

1010 224 1175 255 revolvens
1200 225 1314 257 seriem

961 268 1034 300 Non
1058 268 1158 300 audeo

1009 316 1117 347 levare
1145 314 1270 357 faciem,

962 361 1054 393 Mens
1076 360 1202 393 infirma

1008 416 1071 440 non
1094 408 1191 440 habet
1214 408 1354 448 requiem

1055 454 1117 487 Suo
1141 463 1239 490 more.

876 548 939 582 512.
964 548 1037 581 Non
1060 551 1094 580 te
1115 554 1231 590 movet,

1005 597 1090 637 quod
1114 597 1198 629 inter
1223 597 1332 637 epulas

962 643 1076 676 Fundo
1100 643 1193 677 fletus

1006 694 1038 723 et
1062 700 1156 724 voces
1181 690 1372 731 quaerulas‘?

960 738 1071 779 Terge,
1099 747 1225 781 quaeso,

1007 786 1118 818 sordes
1144 789 1176 817 et
1198 786 1337 818 maculas

1050 834 1174 866 Pravae
1196 833 1323 866 mentis.

875 926 936 961 6b.
963 927 1038 960 Plus
1062 936 1212 967 peccasse

1006 984 1100 1015 quam
1122 975 1192 1014 pati
1214 976 1309 1007 timeo

957 1021 1002 1054 Et
1025 1023 1148 1063 peccati

1004 1070 1129 1109 pondus
1156 1069 1322 1111 abhorreo,

1005 1116 1108 1157 Adeo,

1003 1164 1093 1203 Quod
1116 1173 1230 1205 parum
1254 1172 1355 1204 paveo

1005 1210 1076 1243 Nec
1099 1220 1196 1251 grave
1221 1219 1333 1243 censeo

1099 1258 1175 1291 Sine
1199 1259 1292 1299 culpa
1315 1258 1393 1298 pati.

886 1352 948 1385 7b.
963 1353 1054 1391 Quod
1077 1354 1106 1385 si
1129 1355 1246 1394 tamen,

1002 1401 1096 1441 digne
1120 1401 1276 1444 poeniteo,

957 1447 1029 1479 Non
1055 1450 1104 1479 est
1126 1457 1239 1488 meum,

1002 1495 1061 1527 sed
1083 1495 1144 1527 tibi
1168 1495 1280 1535 debeo,

1053 1541 1212 1575 Confirma
1235 1542 1376 1582 foedera,

1054 1589 1215 1622 Conserva
1239 1599 1379 1629 munera,

1053 1636 1140 1675 Quae
1164 1640 1219 1669 tua
1244 1638 1377 1669 dextera

1096 1684 1169 1716 Jam
1193 1685 1270 1716 mihi
1294 1685 1464 1724 praestitit.

883 1777 944 1811 8b.
957 1778 1007 1810 Tu
1032 1786 1083 1809 me
1107 1778 1197 1811 vides

1004 1825 1089 1858 intus
1115 1828 1147 1857 et
1171 1824 1300 1867 deforis,

956 1871 1029 1904 Tibi
1052 1875 1166 1913 patent

1005 1923 1129 1953 secreta
1153 1921 1303 1960 pectoris,

959 1967 1009 1999 Da
1032 1967 1109 1999 mihi
1133 1967 1283 2008 requiem,

1006 2014 1083 2048 Jesu
1109 2014 1262 2055 piissime,

958 2061 1002 2092 Et
1025 2061 1090 2093 leni
1114 2061 1233 2093 rabiem

1005 2107 1141 2139 dolentis
1167 2106 1300 2141 animae.

887 2199 949 2234 eb.
964 2200 1027 2234 Sed
1052 2200 1105 2240 qui
1127 2208 1211 2231 ream
1236 2200 1397 2242 reprobat,

960 2246 1022 2278 Gur
1046 2255 1108 2277 non
1132 2247 1231 2286 magis
1257 2246 1425 2288 adprobat,
1506 2285 1509 2288 ¹

1006 2293 1095 2332 Quod
1120 2296 1241 2324 reatum
1264 2292 1397 2333 plangit,
1472 2285 1526 2325 tl'
