1653 2566
636 103 892 138 -115-

118 195 150 226 3.
177 193 292 227 Nonne
316 195 457 230 fenestra
483 199 608 238 diceris,
799 201 829 233 5.
856 199 920 232 Cur
945 199 1113 230 damnatur
1136 196 1258 236 apertio

221 243 291 282 Qua
306 252 391 276 mors
407 246 507 277 intrat
524 247 565 279 ad
577 244 737 278 animam?
902 244 1036 284 Corpori
1058 242 1248 281 necessaria,

173 286 297 330 Nonne,
324 293 408 330 quod
430 292 532 331 vides,
558 293 698 331 sequeris
856 291 930 324 Sine
955 292 1042 330 cujus
1066 289 1215 329 obsequio

219 335 264 368 Ut
288 336 346 369 bos
365 339 477 370 ductus
494 340 537 371 ad
553 337 737 372 victimam?
903 337 1022 369 Cuncta
1045 337 1196 376 languent
1220 334 1350 367 officia?

172 381 236 414 Cur
260 392 322 415 non
348 386 471 425 saltem,
507 395 583 426 quas
607 386 735 425 ingeris,
853 385 886 417 Si
912 393 991 423 quae
1015 382 1069 415 fiat
1093 382 1238 422 irreptio,

219 429 338 462 Sordes
361 432 451 464 lavas
474 441 532 472 per
548 433 737 464 lacrimam?
903 430 978 462 Cum
1004 430 1064 462 sim
1088 429 1228 461 fenestra
1252 429 1364 468 vitrea,

170 475 238 507 Aut
262 486 359 517 quare
383 488 446 511 non
472 480 600 518 erueris,
854 477 897 517 Si,
925 478 1009 516 quod
1034 477 1151 517 recepi,
1177 476 1296 518 nuntio,

216 523 359 556 Mentem
372 524 565 558 fermentans
579 526 711 557 azimam
720 525 735 556 ’ἐ
900 524 987 562 Quae
1010 526 1140 564 putatur
1163 523 1303 562 injuria?

111 580 142 612 4.
171 578 269 612 Cordi
294 583 468 620 respondet
491 582 617 613 oculus:
795 582 826 613 6.
852 581 959 621 Addo,
986 580 1071 620 quod
1095 581 1182 612 nullo
1206 580 1338 619 puivere

214 627 338 667 Injuste
361 629 401 660 de
424 637 475 660 me
499 628 669 671 quaereris,
899 628 997 667 Quem
1022 627 1189 659 immittam
1215 628 1377 670 pollueris,

169 672 287 706 Servus
311 683 380 706 sum
405 675 464 707 tibi
486 675 625 717 sedulus,
850 675 981 707 Nullum
1003 675 1120 707 malum
1145 678 1177 706 te
1198 675 1328 707 laedere

210 720 389 761 Exsequor,
414 721 569 762 quidquid
587 722 733 761 jusseris.
894 723 1014 762 Potest,
1040 722 1101 753 nisi
1127 724 1332 755 consenseris.

166 766 281 799 Nonne
304 771 340 799 tu
362 769 442 801 mihi
465 769 624 810 praecipis
848 770 898 802 De
922 771 1019 802 corde
1043 770 1127 801 mala
1149 769 1319 813 prodeunt,

211 814 301 847 Sicut
325 818 358 847 et
380 816 531 850 membris
557 816 697 850 ceteris?
894 817 984 849 Nihil
1007 817 1143 850 invitum
1165 818 1297 859 pateris,

164 861 238 893 Non
264 871 331 903 ego,
355 866 392 895 tu
415 867 449 895 te
475 864 607 905 decipiS,
848 865 990 897 Virtutes
1013 873 1077 896 non
1101 864 1271 903 intereunt,

214 909 352 942 Nuntius
377 920 456 954 sum,
484 921 544 951 quo
570 912 703 946 miseris.
894 911 965 943 Nisi
991 911 1115 950 culpam
1141 911 1344 943 commiseris⁴

466 968 496 1000 7.
523 968 607 1000 Dum
632 969 679 999 sic
702 970 836 1008 uterque
862 967 1004 1008 disputat

569 1015 680 1049 Soluto
705 1016 793 1056 pacis
819 1015 936 1055 osculo,

523 1062 617 1094 Ratio
642 1063 731 1094 litem
755 1065 899 1102 amputat

569 1108 742 1143 Definitivo
769 1110 907 1149 calcu103

521 1157 624 1189 Reum
645 1159 815 1196 utrumque
839 1158 977 1197 reputat,

571 1203 635 1236 Sed
659 1213 722 1236 non
746 1205 818 1243 pari
842 1204 996 1244 periculo,

523 1249 606 1282 Nam
631 1251 720 1283 cordi
745 1259 871 1283 causam
895 1251 1039 1293 imputat,

573 1297 778 1330 Occasionem
802 1299 903 1330 oculo.

183 1350 252 1379 Cod.
272 1351 436 1379 Londinen.
454 1352 585 1387 Egerton
605 1350 662 1380 274
691 1361 766 1381 saec.
790 1351 833 1381 13.
853 1354 887 1381 A.
908 1367 946 1371 —
964 1353 1033 1380 Cod.
1053 1350 1179 1380 Parisin.
1199 1350 1247 1385 (01.
1268 1351 1297 1379 S.
1313 1350 1413 1378 Albini

103 1388 306 1425 Andegaven.)
325 1387 401 1417 8207
431 1398 506 1418 saec.
529 1388 572 1418 13.
592 1391 625 1417 B.
645 1407 677 1411 -—
704 1391 786 1419 Cant.
808 1400 860 1419 ms.
880 1390 961 1418 Petri
982 1391 1016 1418 de
1029 1390 1152 1417 Medic-is
1184 1397 1259 1416 saec.
1281 1387 1325 1416 13.
1343 1388 1412 1415 Cod.

102 1428 294 1455 Laurentian.
314 1425 359 1454 Pl.
380 1425 426 1455 29.
450 1425 473 1454 1.
490 1428 521 1455 G.
541 1443 581 1448 —-
602 1428 624 1456 Ο
644 1428 696 1456 hat
715 1437 770 1456 nur
791 1430 856 1456 eine
870 1428 1003 1464 Strophe.
1024 1443 1052 1449 ι-
1084 1426 1107 1460 1,
1122 1425 1139 1455 3
1160 1427 1230 1463 quid
1250 1428 1310 1454 sint
1322 1426 1354 1453 B.
1376 1441 1413 1444 —

106 1464 129 1499 1,
145 1463 162 1492 6
183 1465 331 1493 alternant
348 1464 407 1492 BC.
426 1479 465 1484 ——
488 1464 511 1498 1,
526 1463 544 1493 8
563 1466 719 1502 Replicant
732 1467 765 1494 Β.
786 1482 824 1486 -
843 1465 870 1500 3,
887 1465 901 1493 1
924 1467 1039 1494 Numne
1052 1466 1085 1493 B.
1107 1480 1142 1484 —
1164 1464 1190 1497 3,
1205 1462 1223 1492 3
1241 1464 1322 1491 vide<-
1344 1464 1414 1500 quit]

102 1504 232 1539 sequeris
252 1503 286 1530 B.
306 1517 346 1521 —
366 1501 392 1533 5,
406 1502 426 1530 4
446 1504 589 1540 obsequia
601 1505 635 1531 B.
657 1519 693 1523 —
713 1503 738 1538 5,
754 1502 771 1531 6
792 1512 857 1532 cum
877 1505 918 1532 sit
935 1504 1062 1532 fenestra
1075 1504 1107 1531 B.
1125 1518 1161 1522 —-
1181 1501 1207 1535 6,
1222 1500 1239 1529 2
1259 1502 1414 1530 immittam

100 1541 232 1577 pulveris
258 1542 291 1568 Β.
319 1555 356 1559 -
386 1540 411 1575 7,
441 1538 455 1567 1
485 1541 556 1570 Cum
580 1542 623 1570 sic
648 1542 683 1569 A.
707 1557 747 1562 —-
770 1542 876 1570 Ausser
896 1542 922 1569 A
948 1544 1039 1569 neunt
1065 1542 1140 1568 auch
1167 1540 1334 1569 Salimbene
1358 1539 1413 1567 den

99 1579 304 1615 Philippus
332 1578 373 1606 de
393 1579 530 1607 Grevia
555 1580 598 1607 als
618 1580 779 1608 Verfasser.
817 1581 866 1608 Di(
894 1580 1023 1608 Melodie
1049 1580 1127 1607 ware
1148 1579 1224 1606 nach
1247 1578 1413 1606 demselben

101 1617 269 1645 Salimbene
297 1625 354 1645 uon
373 1617 521 1646 Hem-icus
547 1618 584 1645 de
602 1618 681 1645 Pisa.
720 1617 762 1646 Es
789 1618 884 1646 bleibt
907 1618 977 1645 aber
996 1617 1135 1653 fraglich,
1162 1617 1197 1645 ob
1217 1616 1265 1644 <lic
1287 1616 1412 1644 Melcdic

101 1655 151 1683 ‘les
171 1654 312 1682 Ietzteren
332 1654 380 1682 die
402 1657 433 1683 in
453 1663 579 1684 unser-en
594 1656 717 1689 Quellen
734 1656 901 1684 euthaltene
915 1655 984 1683 oder
998 1657 1064 1683 eine
1077 1656 1183 1683 andere
1198 1656 1248 1682 sei.
1284 1654 1412 1681 Wpitere

101 1692 330 1721 Handschriften
350 1693 400 1721 des
421 1693 527 1721 Liede..
547 1694 606 1731 vgl.
628 1693 782 1728 Haut-(iau,
803 1695 924 1722 Notiees
945 1696 974 1721 et
992 1694 1124 1722 Exti-aits
1144 1694 1167 1727 I,
1194 1690 1258 1725 3663
1287 1692 1411 1728 Wright,

100 1730 215 1759 Walter
232 1732 336 1767 Mapes
357 1729 403 1759 93.

704 1789 801 1820 169.

480 1843 654 1875 Altercatio
675 1845 804 1876 Animae
824 1845 855 1875 et
878 1843 1032 1883 Corporis.

105 1905 135 1936 1.
161 1902 266 1934 Homo
291 1904 385 1934 natus
410 1902 453 1934 acl
476 1903 629 1943 laborem,
788 1906 820 1936 2.
846 1905 903 1936 Me
928 1904 1003 1935 dum
1027 1902 1107 1935 fecit
1128 1904 1216 1935 Deus
1241 1903 1401 1943 mundam,

159 1950 221 1981 Tui
246 1951 359 1990 status,
384 1953 459 1981 tuae
482 1958 602 1981 morem
847 1951 911 1983 Vas
935 1950 1049 1982 infecit
1072 1950 1146 1982 faex
1167 1951 1373 1991 immundam,

207 1997 310 2030 Sortis
337 1997 504 2029 considera
895 1997 1044 2038 Corrupit
1067 1998 1162 2036 lutea,

160 2044 364 2085 Propensius‚
846 2044 979 2083 Desipio

160 2093 217 2127 Me
241 2092 370 2135 parcius
846 2091 916 2123 Nec
939 2091 1029 2130 sapio

209 2140 353 2180 Querens
379 2148 513 2181 aspera3
893 2138 1003 2169 Meum
1027 2137 1233 2178 Promethea3

157 2190 313 2230 Quaestus
339 2197 413 2228 ergo
438 2186 588 2230 reprime,
849 2185 905 2217 Nil
928 2185 962 2217 in
988 2185 1091 2217 carnis
1117 2193 1246 2217 carcere

158 2237 208 2269 Ne
233 2237 368 2276 animae,
847 2232 903 2264 Fit
925 2232 1037 2274 libere,

157 2284 249 2323 Quod
273 2284 390 2316 misere
416 2282 620 2321 commiseris,
848 2280 939 2313 Parit
964 2280 1046 2311 enim
1072 2280 1249 2322 contagium

158 2331 250 2370 Quod
274 2331 407 2372 pateris,
845 2327 892 2359 Et
914 2328 1026 2360 vitium

205 2379 308 2413 Miser
332 2379 525 2419 impropera.
894 2375 997 2408 Moles
1025 2383 1187 2415 corporea,

1196 2429 1240 2460 8*
