1653 2566
231 677 311 715 Ave,
337 675 453 714 Maria,

233 725 320 756 Fons
343 723 495 763 laetitiae,

233 771 331 810 Virgo
357 779 447 810 pura,
473 771 537 811 pia,

232 817 319 850 Fons
343 817 522 850 munditiae

188 866 217 898 5.
233 865 279 897 Te
303 873 382 897 voce
406 865 496 897 varia

234 912 333 944 Sonet
356 912 463 944 sobrie

235 959 320 992 Gens
343 960 429 991 laeta
453 959 571 998 sobria,

232 1006 382 1038 Gaudens
407 1007 496 1038 varie

234 1055 362 1086 Promat
389 1054 524 1085 ecclesia

164 1102 219 1135 10.
234 1101 360 1133 Laudes
385 1100 522 1139 Mariae,

234 1148 332 1180 sonet
355 1148 388 1179 in
412 1148 519 1180 Maria

240 1213 325 1241 Cant.
344 1221 398 1240 ms.
417 1212 593 1240 Toletanum
612 1219 688 1239 saec.
711 1209 755 1238 112.

238 1393 379 1433 Virginis
403 1393 437 1424 in
459 1392 578 1432 gremio

280 1439 393 1472 Manet,
415 1441 471 1471 lux
494 1439 629 1478 infinita,

236 1487 387 1519 Nascitur
410 1487 444 1518 in
468 1486 572 1518 medio

282 1534 402 1567 Terrae
426 1534 511 1565 salus
539 1536 568 1565 et
593 1533 666 1565 vita.

189 1583 219 1614 5.
234 1582 314 1622 Ejus
339 1581 372 1612 in
397 1581 547 1621 obsequio

285 1628 353 1661 Vox
377 1629 480 1668 patris
506 1632 555 1660 est
578 1629 698 1661 audita.

232 1676 315 1708 Nam
340 1675 488 1709 subditur
511 1673 666 1708 infantiae

235 1724 374 1756 Nostrae
399 1724 486 1764 gigas
508 1724 671 1763 potentiae

235 1771 280 1803 Et
305 1771 448 1810 geminae
471 1771 677 1804 substantiae.

281 1817 501 1857 Nobilitanda,

282 1864 506 1906 Clarificanda,

233 1912 324 1945 Haec
349 1913 416 1945 dies
441 1915 490 1944 est
514 1913 659 1953 amanda,

234 1960 325 1993 Haec
351 1960 418 1992 dies
444 1960 675 2000 conlaudanda‚

234 2007 324 2040 Haec
350 2007 419 2039 dies
442 2007 618 2040 recitanda.

165 2056 220 2088 15.
233 2056 271 2088 In
298 2064 361 2096 qua
383 2054 476 2087 nobis
499 2057 612 2094 patent

284 2103 364 2135 coeli
386 2102 516 2143 palatia,

233 2151 272 2183 1n
298 2159 360 2191 qua.
384 2149 504 2183 Christi
530 2148 628 2181 claret

280 2197 510 2237 misericordia,

281 2245 466 2285 Clementia,

278 2293 437 2336 Potentia,

232 2342 329 2375 Unde
353 2342 511 2373 novantur

230 2390 275 2422 Et
300 2388 501 2429 congaudent
524 2388 637 2422 omnia.

164 1818 220 1851 10.

161 2295 218 2328 20.

916 678 987 709 Vox
1012 678 1173 709 ecclesiae.

915 724 1005 756 Haec
1028 725 1125 756 solvit
1148 724 1246 755 semia

916 771 988 803 Jam
1012 771 1123 813 Isaiae,

848 818 900 851 15.
916 818 1074 851 Reserans
1099 818 1180 850 ostia

918 866 1051 899 Clausae
1074 866 1197 905 patriae

916 912 1005 944 Dans
1030 914 1149 950 suavia,

917 959 1037 999 Regem
1064 960 1195 1000 gloriae,

919 1006 978 1044 Qui
1002 1006 1070 1038 sola
1093 1006 1205 1046 gratia,

848 1054 903 1088 20.
919 1053 1034 1085 Plenus
1059 1054 1189 1094 gratiae,

918 1099 1036 1132 Factus
1062 1102 1110 1131 est
1132 1099 1246 1139 hostia,

918 1146 1007 1179 Finis
1030 1147 1161 1179 hostiae.

786 1210 855 1237 Cod.
875 1212 1024 1239 Matriten.
1043 1212 1137 1239 Tolet.
1157 1209 1213 1239 930
1230 1208 1372 1246 (ge—23).

795 1316 839 1348 Π.

919 1392 988 1424 Nec
1010 1392 1166 1424 immerito

918 1440 1019 1471 Hoste
1043 1439 1169 1478 perdito

850 1487 904 1519 25.
920 1487 995 1518 Plus
1023 1487 1194 1528 gaudemus
1219 1485 1312 1518 solito

920 1534 1037 1566 Plausu
1062 1534 1165 1566 laudis
1190 1534 1308 1565 inclito.

919 1580 1117 1613 invincibilis
1142 1584 1306 1623 tractatur,

920 1628 1141 1668 Impalpabilis
1166 1629 1326 1668 palpatur.

918 1676 989 1709 Jam
1015 1678 1148 1708 naturae
1174 1675 1314 1707 debitum

968 1721 1182 1765 confunditur,

919 1770 1001 1811 Jam,
1028 1770 1081 1810 qui
1106 1779 1163 1803 nos
1186 1771 1356 1814 devicerat,

968 1818 1158 1861 devincitur,

918 1866 1000 1906 Jam,
1026 1867 1109 1905 quod
1136 1868 1203 1898 erat
1228 1865 1398 1906 porditum,

964 1912 1139 1946 redimitur.

849 1962 904 1994 35.
918 1960 1060 1992 Maxima
1084 1960 1186 2000 gloria

916 2007 1083 2048 Multaque
1107 2007 1211 2047 gratia

918 2054 1118 2097 Goelestium,
1143 2054 1344 2086 terrestrium

916 2101 962 2133 Et
989 2102 1126 2134 omnium

963 2152 1103 2182 Aeterno
1128 2150 1171 2181 sit
1195 2149 1327 2189 auctori,

848 2197 903 2231 40.
919 2196 977 2235 Qui
1002 2197 1168 2237 proprium

916 2245 979 2277 Per
1002 2244 1102 2277 filium

917 2291 960 2324 Et
985 2292 1124 2325 onmium

966 2340 1084 2372 Nostro
1109 2341 1216 2373 medet.
1239 2341 1394 2382 languori,

966 2388 1104 2421 Sanatur
1127 2392 1159 2421 et
1184 2388 1296 2422 dolori.

850 1724 904 1756 30.
