1653 2566
638 90 876 125 -19-

552 187 636 219 Hine
659 187 802 226 paradisi
828 195 861 218 es

602 234 751 273 depulsus
776 233 907 276 foribuS,

551 281 630 313 Mox
654 281 820 313 occurristi

601 329 706 360 saevis
730 327 915 369 latronibus,

528 399 531 402 .
553 374 611 414 Qui
640 376 672 406 te
695 375 846 407 nudatum

601 422 701 454 sacris
727 421 896 454 virtutibus

553 470 807 501 vulneraverunt

599 517 633 548 in
657 516 862 548 naturalibus.

553 562 692 602 Cumque
715 571 778 595 non
803 566 895 603 esset,

600 610 653 650 qui
677 611 798 641 salvum
823 608 952 650 faceret,

551 655 601 688 De
624 666 720 688 manu
743 657 854 688 mortis

598 712 657 736 nec
681 705 734 744 qui
758 705 937 746 redimeret,

551 751 605 783 Ad
630 754 663 782 te
688 751 838 784 descendi

601 799 641 830 de
663 798 764 837 patris
789 798 877 838 solio,

553 845 625 877 Vile
646 846 768 877 velatus

602 893 706 924 carnis
732 891 844 932 cilicio,

554 940 601 971 Te
624 939 855 979 redempturus,

602 995 664 1018 non
690 987 794 1017 autem
818 986 932 1028 pretio,

551 1032 626 1073 Sed,
652 1032 735 1064 sicut
760 1031 871 1074 cernis,

600 1080 751 1119 sanguine
773 1079 915 1118 proprio.

173 1152 257 1180 Cant.
283 1161 335 1179 ms.
357 1152 437 1180 Petri
457 1152 492 1180 de
512 1153 635 1180 Medicis
656 1161 730 1180 saec.
754 1150 797 1180 13.
831 1152 899 1180 Cod.
919 1152 1106 1181 Laurentian.
1125 1154 1170 1181 Pl.
1190 1152 1235 1182 29.
1259 1152 1283 1181 1.
1302 1154 1337 1181 A.
1359 1169 1393 1172 —

95 1190 164 1218 Cod.
185 1189 347 1218 Londinen.
369 1190 500 1226 Egerton
525 1188 589 1217 274.
619 1199 694 1218 saec.
722 1188 766 1218 13.
786 1191 818 1218 B.
843 1203 878 1208 -—
905 1190 972 1218 Cod.
995 1190 1146 1219 Carnoten.
1167 1190 1231 1219 341.
1254 1200 1328 1219 saec.
1351 1190 1395 1219 14.

95 1228 125 1255 C.
150 1243 189 1248 ——
214 1227 283 1255 Ootl.
311 1228 437 1255 Pal-isin.
462 1226 511 1261 (ol.
538 1228 567 1256 S.
589 1229 689 1256 Albini
708 1227 905 1264 Andegaven.)
930 1225 1012 1256 8433.
1038 1236 1113 1256 saec.
1140 1227 1182 1257 13.
1201 1230 1238 1257 D.
1263 1245 1300 1249 —
1326 1229 1394 1257 Cod.

95 1265 302 1294 Carolsruhan.
328 1266 450 1301 Augien.
475 1263 521 1293 36.
549 1273 624 1293 saec.
649 1263 723 1293 ³4l15.
742 1266 779 1293 E.
803 1279 842 1284 —-
865 1266 970 1294 Ausser
989 1266 1014 1293 B
1033 1269 1125 1293 nennt
1142 1268 1216 1294 aueh
1236 1266 1259 1294 C
1277 1267 1395 1303 Philipp

94 1304 131 1331 de
151 1302 259 1332 Greves
280 1303 324 1330 als
344 1302 510 1331 Verfasser:
541 1303 651 1339 „Prosa
668 1304 815 1339 Philippi,
838 1302 1012 1331 cancellarii
1030 1302 1237 1338 Parisiensis“;
1265 1305 1395 1341 dagegen

94 1341 223 1369 schreibt
243 1341 265 1369 G
285 1341 337 1368 das
357 1341 432 1368 Lied
452 1341 515 1368 dem
536 1341 574 1368 hl.
595 1341 746 1369 Bernhard
765 1350 809 1367 zu.
842 1341 899 1367 Mit
916 1342 1084 1369 Ausnahme
1102 1350 1161 1368 von
1182 1342 1204 1370 C
1223 1342 1318 1370 haben
1337 1342 1395 1369 alle

95 1380 205 1407 andern
218 1378 447 1406 Handsehriften
460 1387 516 1405 nur
529 1380 594 1406 eine
604 1379 737 1414 Strephe,
753 1378 801 1405 (lie
815 1381 897 1412 erste⁷
911 1379 959 1405 dio
972 1378 1046 1406 auch
1062 1379 1151 1407 allein
1165 1380 1230 1406 eellt
1244 1380 1394 1413 erseheint‚

93 1418 160 1444 weil
180 1416 228 1443 <lie
247 1416 403 1451 folgenden
422 1415 517 1444 weder
531 1417 586 1443 den
605 1416 663 1444 Stil
683 1417 733 1443 (les
747 1416 887 1444 Kanzlers
906 1418 1047 1450 verraten,
1068 1416 1143 1444 noch
1163 1417 1295 1445 ‹lassolbe
1310 1417 1394 1444 Vers-

92 1454 167 1482 mass
188 1453 352 1486 bewahren,
374 1453 414 1480 <la
431 1454 480 1480 die
499 1457 576 1481 erste
589 1454 690 1481 ufflste
705 1453 787 1489 jeder
802 1454 882 1481 Zeile
900 1454 1067 1488 daktyliselx
1087 1456 1159 1482 statt
1173 1454 1337 1482 troclxiiisch
1350 1456 1398 1481 ist.

93 1492 245 1528 Ungewiss
265 1491 367 1525 bleibt,
389 1492 425 1519 ob
446 1491 497 1518 das
519 1491 601 1519 echte
614 1491 688 1519 Lied
701 1500 756 1519 nur
773 1491 950 1527 einstrophig
964 1500 1031 1525 war,
1053 1492 1122 1519 oder
1135 1493 1170 1519 ob
1185 1493 1232 1519 die
1245 1492 1397 1528 folgenden

92 1529 239 1566 Strophen
257 1529 392 1557 verloren
405 1528 479 1556 sind.
502 1544 538 1547 —
562 1527 585 1562 1,
606 1528 624 1556 2
638 1530 709 1566 quid
721 1538 773 1565 pro
790 1531 819 1557 te
832 1529 891 1556 OD.
914 1543 950 1548 —-
973 1528 997 1562 1,
1017 1527 1037 1557 4
1050 1531 1146 1557 tamen
1159 1530 1289 1565 planetus
1307 1532 1352 1558 est
1365 1531 1397 1557 C.

717 1681 784 1710 11.

617 1750 704 1780 Alius
723 1750 871 1781 Planctus.

92 1822 124 1854 1.
153 1823 177 1855 O
204 1822 348 1862 quotiens
374 1831 430 1854 vos
455 1822 538 1853 volui
779 1822 809 1855 2.
836 1820 998 1861 Numquid
1022 1820 1106 1852 inter
1127 1829 1182 1852 vos
1208 1820 1296 1862 vilui,

200 1869 328 1902 Blanda
353 1869 411 1902 sub
437 1868 489 1903 ala
514 1877 636 1909 eogere,
884 1868 974 1907 Quod
1000 1876 1123 1899 crucem
1148 1877 1248 1900 meam
1266 1868 1401 1907 perdere

150 1918 233 1956 Quos
256 1918 322 1957 jam
346 1919 439 1950 natos
464 1916 605 1958 regenui,
837 1915 969 1947 Gentem
992 1924 1123 1954 pravam
1147 1916 1281 1946 sustinui
1290 1917 1305 1945 2³

149 1964 336 2003 Reperditis
361 1963 472 2003 aperui
837 1962 951 1994 Nonne
975 1962 1073 2001 scitis,
1100 1962 1183 2002 quod
1205 1963 1293 2002 potui

197 2011 291 2043 Viam
315 2010 427 2044 salutis
451 2013 567 2048 terere,
883 2009 964 2041 Mihi
991 2010 1075 2041 solus
1101 2007 1248 2040 sufficere

198 2058 262 2092 Sed
286 2059 388 2090 crucis
413 2056 515 2089 fracto
541 2055 681 2097 foedere,
882 2056 926 2087 Et
950 2055 1069 2096 angelis
1093 2056 1289 2098 praecipere,

146 2105 203 2139 Me
226 2106 339 2138 relicto
365 2104 560 2143 contemptui
835 2103 884 2135 Ne
907 2105 1105 2135 morerentur
1128 2102 1233 2135 fatui?

198 2153 317 2186 Causas
342 2153 439 2186 vultis
465 2152 641 2191 exquirere,
882 2150 946 2183 Sed
970 2150 1031 2182 hoc
1056 2150 1158 2183 crucis
1184 2151 1367 2185 charactere

148 2202 201 2234 Ne
226 2204 406 2234 sanctorum
433 2199 557 2232 senatui
833 2198 909 2231 Plus
934 2198 1065 2238 gloriari
1089 2198 1183 2237 volui,

196 2249 260 2282 Vos
285 2248 416 2289 possitis
441 2247 624 2287 adjungere.
881 2246 964 2284 Quos
990 2255 1041 2278 me
1064 2246 1152 2278 scitis
1178 2248 1376 2287 compellere.

165 2324 235 2354 God.
245 2321 720 2359 Guelfenbyteran.Helmstadieu.
732 2318 796 2349 628.
808 2329 882 2349 saec.
896 2319 939 2349 13.
953 2336 988 2340 —
1001 2320 1025 2355 1,
1039 2319 1054 2350 1
1065 2322 1199 2350 vosfehlt.
1217 2338 1244 2343 —-
1259 2322 1283 2357 1,
1295 2322 1401 2352 4Lies:

85 2362 263 2401 Deperditis.
288 2378 325 2382 —
350 2361 376 2398 2,
398 2360 416 2390 8
437 2361 495 2391 Sed
515 2361 627 2389 homini
648 2361 742 2387 crucis
763 2359 937 2388 charactere.
965 2375 1001 2379 —
1024 2359 1079 2389 cfr.
1099 2360 1263 2389 Milehsack
1285 2360 1339 2391 174
1358 2371 1401 2400 sq.

1185 2407 1229 2438 2*
