1653 2564
774 129 1030 162 —132—

651 223 681 254 5.
709 221 761 252 Sic
784 221 869 251 inter
892 220 1003 251 mundi
1027 220 1122 252 noxia

704 267 881 306 Exspirant
904 267 973 297 sine
995 266 1108 305 gratia,

706 313 786 345 Nam
812 313 972 344 mundana
995 312 1120 343 lubrica

704 360 780 392 Plus
805 360 934 399 placent
957 368 1050 398 quam
1072 356 1229 389 coelestia.

332 455 402 483 Clm.
422 454 574 482 Monacen.
594 454 642 488 (01.
661 450 812 488 Tegurin.)
833 449 937 479 19604.
959 459 1034 478 saec.
1059 448 1103 477 15.

859 628 957 658 190.

738 712 781 743 De
801 710 894 742 malis
914 710 1081 742 Monaehis.

260 803 290 835 1.
315 802 394 841 Ego,
422 799 531 832 mundi
937 800 969 832 3.
996 798 1067 830 Non
1093 798 1154 829 hoc
1177 798 1283 828 tamen

363 848 477 879 timens
501 845 702 886 naufragium
1046 845 1126 885 dico,
1153 844 1237 883 quod
1262 844 1379 875 saeculi

319 896 362 927 Et
386 893 553 926 mundanis
996 892 1067 925 Sint
1094 890 1230 924 amanda

364 941 483 974 involvi
507 939 665 981 fiuctibus,
1046 940 1191 978 cuiquam
1213 936 1334 977 flagitia

319 989 401 1029 Fugi
424 988 550 1020 tandem
997 986 1065 1018 Nec
1089 987 1132 1018 ad
1153 993 1274 1016 morem

366 1036 408 1068 ad
432 1034 654 1067 monasterium
1044 1032 1212 1066 vivendum
1237 1032 1357 1072 populi,

321 1083 417 1123 Quasi
438 1083 561 1122 portum
999 1081 1062 1113 Sed
1087 1079 1203 1118 ubique

368 1129 479 1161 salutis
504 1128 664 1169 omnibus3
1045 1135 1151 1167 pugna
1175 1135 1233 1165 pro
1258 1126 1382 1166 patria;

320 1176 393 1208 Heu
418 1175 595 1214 Charybdis
998 1175 1036 1207 In
1060 1173 1177 1205 mundo

370 1224 494 1262 elapsus
525 1221 666 1254 faucibus
1045 1224 1119 1253 sunt
1141 1220 1374 1263 acroceraunia,

323 1270 367 1302 Et
398 1271 535 1301 attractu
1000 1269 1045 1300 Et
1067 1268 1120 1299 hic
1143 1267 1223 1299 latet

375 1317 472 1348 vitato
498 1315 646 1357 Syrtium,
1049 1324 1184 1348 caverna
1208 1315 1320 1357 reguli,

325 1364 422 1396 Modo
446 1363 560 1394 timens
1002 1363 1066 1395 Sed
1090 1371 1153 1394 non
1177 1360 1257 1393 fiunt

371 1411 471 1449 majus
497 1410 626 1440 exitium
1049 1408 1169 1443 Christi
1194 1408 1352 1447 discipuli,

324 1455 566 1490 Circumfundor
1003 1456 1074 1488 Nisi
1099 1455 1201 1488 crucis

372 1504 506 1543 scylleis
531 1503 670 1537 canibus.
1050 1503 1158 1535 ferant
1181 1503 1347 1542 supplicia.

267 1563 298 1594 2.
322 1560 542 1594 Monachalem
944 1562 977 1594 4.
1003 1560 1127 1599 Religio

372 1616 533 1639 assumens
557 1607 700 1638 habitum
1049 1605 1114 1638 fuit
1136 1606 1311 1646 antiquitus

322 1655 473 1687 Evasisse
1004 1654 1163 1693 Jejunium

375 1701 485 1741 putavi
509 1701 596 1741 vitia,
1052 1704 1085 1732 et
1108 1700 1342 1743 contemplatio,

326 1749 399 1791 Sed,
425 1748 509 1789 quod
535 1751 603 1779 erat
1003 1749 1102 1781 Modo
1127 1756 1189 1780 non
1214 1748 1270 1787 sic,

373 1796 461 1835 prius
487 1795 716 1835 absconditum,
1052 1796 1109 1827 sed
1133 1798 1246 1834 regnat
1269 1795 1417 1835 ambitus,

325 1842 423 1875 Modo
449 1845 546 1882 patet,
1004 1842 1132 1882 Fastus,
1156 1842 1249 1883 livor,

373 1889 460 1922 fraus
486 1892 516 1920 et
540 1889 682 1928 malitia3
1051 1898 1204 1929 murmur,
1233 1889 1398 1933 detractio,

327 1937 398 1969 Nisi
421 1936 483 1969 Dei
1004 1936 1193 1977 Hypocrisis

370 1987 535 2017 succurrat
558 1983 671 2026 gratia,
1051 1988 1084 2016 et
1107 1984 1309 2026 superstiti03

326 2031 444 2063 Factus
470 2039 523 2062 ero
1006 2032 1070 2064 Sed
1094 2031 1283 2066 monachum

374 2081 532 2119 tamquam
556 2087 612 2110 vas
632 2079 793 2118 perditum
1051 2089 1115 2111 non
1140 2077 1219 2110 facit
1241 2079 1369 2111 habitus

326 2126 371 2158 Et
393 2133 538 2158 reversus
1005 2126 1074 2158 Nec
1100 2125 1232 2157 cervicis

375 2173 461 2204 canis
486 2172 528 2203 ad
552 2173 714 2212 vomitum,
1052 2181 1172 2212 pronae
1197 2172 1356 2210 circuitus,

329 2219 393 2251 Sed
418 2220 591 2251 retrorsum
1006 2219 1070 2250 Sed
1096 2219 1211 2250 caritas

374 2266 463 2298 nulla
485 2264 627 2304 vestigia.
1055 2268 1087 2296 et
1111 2266 1319 2300 conversatio.
