1653 2566
689 83 927 119 „89-

155 177 186 208 3.
214 176 274 215 Qui
299 177 418 210 virtute
441 179 588 221 maxima,
833 183 866 214 4.
890 181 922 213 A
948 181 1078 214 Judaeis
1103 180 1282 220 Stephanus

209 224 328 255 Plenus
352 225 415 257 Dei
439 227 554 269 gratia,
892 228 1069 268 Lapidatur
1094 228 1243 268 optimuS‚

211 269 308 309 Signa
334 274 366 303 et
389 274 536 314 prodigia
892 276 952 314 Qui
979 285 1038 316 pro
1064 284 1098 306 se
1122 274 1342 315 torquentibus

206 314 362 350 Faciebat
385 320 533 358 plurima.
891 322 1000 355 Flexis
1024 325 1093 355 orat
1117 322 1256 362 genibus.

550 377 580 408 5.
606 376 693 416 Ergo
713 378 824 409 laudes
849 378 984 411 Domino

605 422 756 455 Dicamus
783 432 854 456 cum
878 425 1051 466 Stephano,

607 469 652 501 Et
675 479 733 502 nos
758 480 865 503 omnes
887 473 1005 512 gratias

607 515 759 549 Dicamus
782 519 972 551 innumeras.

224 579 312 608 Grad.
339 589 391 608 ms.
411 581 623 616 Mosburgense
650 583 720 608 anni
749 580 829 610 1360.
867 582 935 610 Coti.
957 584 1045 612 Univ.
1065 584 1218 611 Monaeen.
1241 582 1303 611 157.
1346 596 1361 601 —
1380 580 1411 616 2,
1438 580 1456 609 2

147 617 210 645 Lex
230 618 350 655 devota3
370 618 429 655 vgl.
451 619 502 648 Nr.
525 616 587 653 136,
608 615 636 653 3,
655 616 682 645 2.

758 703 855 733 1:35.

153 762 181 795 1.
209 761 337 801 Martyr
361 760 422 793 fuit
446 761 624 802 Stephanus
837 764 868 795 3.
896 763 993 801 Quem
1019 772 1088 795 cum
1112 764 1211 795 vellet
1235 764 1363 796 vincere

209 808 344 851 Primus,
371 812 538 850 postquam
562 808 716 841 Dominus
894 810 990 842 Plebs
1017 811 1131 842 devota
1155 810 1301 851 Satanae:

209 858 312 889 Natus
339 859 387 888 est
412 858 452 889 de
477 857 608 900 virgine,
893 857 973 896 Ejus
996 858 1172 897 sapientiae

208 904 306 943 Quem
330 904 496 937 laudamus
521 904 626 936 hodie.
894 904 1012 945 Nequit
1036 908 1068 936 et
1091 905 1250 938 resistere.

254 951 341 983 Mira
365 952 466 984 virtus
492 949 656 991 Stephani,
938 951 1025 984 Mira
1048 952 1149 983 virtus
1174 951 1337 991 Stephani.

153 1010 185 1041 2.
212 1009 249 1041 In
276 1010 395 1040 terram
419 1007 509 1040 flexis
535 1007 667 1047 genibus
835 1009 866 1040 4.
894 1008 981 1048 Ergo
1006 1011 1116 1041 nostra
1141 1009 1248 1040 concio

211 1055 343 1088 Judaeis
364 1055 581 1095 lapidantibus
894 1056 929 1087 In
962 1056 1089 1088 chordis
1115 1057 1147 1086 et
1171 1064 1289 1096 organo

211 1103 290 1136 Orat
310 1103 359 1134 bis
383 1103 547 1135 interritus
893 1104 1016 1136 Psallat
1037 1112 1106 1135 cum
1127 1103 1284 1142 tripudio:

212 1151 273 1185 Pro
298 1151 563 1189 persecutoribus.
893 1150 1125 1183 Benedicamus
1149 1150 1295 1183 Domino.

257 1197 344 1229 Mira
368 1198 470 1230 virtus
496 1196 660 1237 Stephani.
940 1199 1027 1230 Mira
1049 1198 1150 1231 virtus
1176 1197 1339 1237 Stephani.

228 1261 298 1290 Cod.
318 1261 534 1298 Engelbergen.
554 1259 621 1289 314.
643 1270 718 1290 saec.
740 1261 785 1290 14.

759 1356 855 1386 136.

637 1412 680 1443 De
699 1413 805 1443 sancto
827 1411 988 1443 Theodolo.

156 1473 185 1505 1.
215 1472 283 1504 Deo
307 1471 428 1511 psallat
449 1471 570 1512 gloriae
837 1474 869 1506 3.
897 1472 979 1504 Olim
1004 1473 1037 1504 in
1062 1472 1201 1504 Vallesio

261 1518 358 1551 Plebs
381 1519 600 1560 Vallesiensis‚
942 1521 1088 1553 Fuerunt
1109 1520 1233 1558 perusti

213 1566 342 1609 Seduni,
369 1567 518 1599 Valeriae
895 1567 995 1611 Botri,
1023 1566 1080 1599 sed
1104 1567 1215 1607 petitio

260 1613 370 1646 Glerus
396 1617 427 1646 et
450 1614 627 1657 burgensis,
942 1614 1102 1647 Praesulis
1128 1615 1252 1647 venusti

211 1663 368 1702 Perquam
393 1660 494 1702 fulget
516 1662 613 1694 hodie
893 1662 996 1705 Facit,
1024 1661 1108 1702 quod
1133 1670 1171 1693 ex
1193 1660 1290 1694 fluvio

259 1710 385 1741 Meritis
410 1709 572 1741 immensis
941 1709 1044 1750 Sapor
1068 1709 1133 1740 exit
1157 1710 1262 1750 musti,

212 1759 249 1791 In
275 1759 406 1789 aeterna
428 1758 538 1797 requie
896 1757 978 1790 Nam
1002 1758 1089 1790 valet
1111 1757 1212 1789 oratio

260 1805 394 1837 Praesul
420 1804 623 1837 sedunensis,
941 1805 1080 1837 Multum
1105 1805 1166 1837 viri
1187 1804 1276 1844 justi.

153 1864 184 1897 2.
211 1861 432 1895 Thebaeorum
455 1862 539 1902 legio
836 1864 858 1896 4
894 1862 941 1894 Te
965 1870 1142 1902 precamur,
1166 1861 1311 1901 Domine,

256 1909 419 1948 Martyrio
445 1912 556 1950 strata,
945 1936 1161 1945 .......
1185 1908 1261 1941 boni

209 1957 368 1989 Diuturno
393 1956 497 1996 spatio
894 1957 1050 1989 Theodoli
1074 1956 1201 1988 nomine

258 2005 375 2037 Jacens
398 2003 562 2036 inhumata
966 2029 1113 2041 .....
1137 2003 1264 2043 patroni

211 2051 370 2085 Theodoli
392 2051 498 2083 studio
895 2049 1033 2090 Spiritus
1059 2052 1090 2082 et
1114 2050 1238 2082 animae

259 2098 444 2139 Sepulchris
470 2100 518 2130 est
542 2097 627 2139 data,
944 2097 1103 2130 Coelestes
1129 2100 1161 2129 et
1184 2098 1291 2130 throni

210 2148 305 2181 Nunc
330 2155 400 2178 cum
424 2146 487 2179 Dei
510 2145 576 2178 filio
897 2173 906 2182 ,
927 2173 936 2182 ,
963 2173 969 2179 .
994 2146 1027 2178 in
1052 2145 1133 2179 coeli
1156 2146 1275 2178 lumine

257 2195 385 2235 Regnat
408 2193 565 2226 trabeata.
940 2193 1054 2226 Facias
1078 2194 1200 2233 reponi.

227 2262 365 2298 Sequent.
387 2269 439 2288 ms.
459 2258 628 2287 Sedunense
647 2267 723 2286 saec.
747 2257 790 2287 14.
823 2258 891 2286 Cod.
906 2259 1055 2287 Valerian.
1076 2267 1099 2286 s.
1119 2268 1148 2286 n.
1170 2259 1235 2288 add.
1257 2268 1333 2288 saec.
1356 2257 1399 2287 15.
1420 2274 1458 2278 —-

148 2301 231 2329 Nach
253 2299 311 2329 Str.
334 2296 349 2326 1
370 2298 445 2335 folgt
465 2299 531 2326 eine
550 2296 691 2333 strophe,
720 2297 769 2325 die
787 2305 820 2326 so
840 2298 933 2334 vfillig
953 2298 1128 2334 abgerieben
1149 2299 1201 2332 ist,
1223 2297 1286 2326 dass
1307 2307 1362 2326 nur
1383 2307 1458 2334 ganz

149 2341 263 2376 wenige
281 2338 386 2365 hVorte
401 2337 484 2364 mehr
503 2345 541 2364 zu
561 2335 712 2363 entziffem
730 2336 805 2363 sind.
845 2335 894 2363 Sie
913 2337 1041 2372 begann:
1062 2335 1123 2364 Hie
1140 2337 1197 2364 iste
1214 2336 1391 2371 Theodohm,
1413 2338 1460 2364 eni

150 2380 232 2405 carta
258 2377 361 2412 missa3
392 2377 432 2403 im
455 2376 594 2403 weiteren
613 2375 654 2401 ist
672 2383 727 2402 nur
745 2373 821 2402 noch
842 2374 892 2402 der
911 2375 1004 2403 Name
1024 2374 1150 2403 Karolus
1171 2374 1319 2411 leserlich,
1344 2384 1459 2403 woraus

149 2417 326 2452 wenigstens
347 2415 398 2442 der
416 2414 517 2442 Inhalt
537 2413 587 2441 der
606 2412 732 2449 Strophe
750 2422 787 2441 zu
808 2414 940 2442 eruieren
959 2414 1007 2441 ist.
