1653 2566
623 105 879 141 *143*

100 190 130 221 2.
158 191 213 223 Ad
238 203 352 236 corpus
377 199 545 232 infirmitas
781 202 813 235 3.
839 201 932 242 Vide,
957 201 1044 233 Deus
1068 199 1233 237 ultionum,

180 285 186 291 Π
204 238 324 281 Capitis
351 245 525 287 descendit,
888 246 969 280 Vide
990 247 1102 280 videns
1126 246 1239 288 omnia,

154 283 364 330 Smgulosque
388 293 527 331 gravitas
837 295 930 334 Quod
953 295 1105 334 spelunca
1127 292 1317 333 vispilonum

201 334 300 367 Artus
330 339 552 380 apprehendit,
884 341 986 373 Facta
1009 344 1057 372 est
1082 339 1224 379 ecclesia,

153 378 348 422 Refrigescit
373 384 488 415 caritas
839 387 929 425 Quod
953 388 987 419 in
1011 388 1163 426 templum
1187 386 1363 419 Salomonis

199 426 269 459 Nec
290 429 357 467 jam
381 438 417 460 se
442 430 586 461 extendit
840 432 936 464 Venit
957 434 1107 475 princeps
1132 434 1305 473 Babylonis

151 472 204 504 Ad
231 482 371 505 amorem
396 475 544 513 proximi,
882 479 928 511 Et
952 481 1108 512 excelsum
1134 480 1196 511 sibi
1222 481 1365 512 thronum

150 517 233 550 Nam
259 520 403 552 videmus
427 522 566 560 opprimi
836 525 947 557 Posuit
970 527 1003 558 in
1028 527 1151 564 medio,

195 565 358 606 Pupillum
383 577 402 599 a
426 569 566 607 potente,
838 572 901 603 Sed
931 576 1059 612 arrepto
1084 573 1190 612 gladio

151 612 220 644 Nec
244 615 293 645 est
317 614 371 654 qui
395 614 518 646 salvum
543 613 641 647 faciat
836 616 947 649 Scelus
971 620 1031 650 hoc
1054 620 1218 661 ulciscere,

150 660 209 692 Vel
240 661 293 702 qui
314 661 435 701 Justum
461 661 577 701 eripiat
884 664 973 707 Veni,
997 666 1096 703 judex
1121 665 1268 705 gentium,

197 707 248 741 Ab
276 708 374 749 impio
398 711 574 749 premente.
886 710 1060 743 Cathedras
1086 712 1287 743 vendentium

585 754 754 789 Columbas
780 761 935 790 evertere.

171 821 255 849 Cant.
280 829 334 849 ms.
360 821 442 848 Petri
464 820 501 848 de
526 820 649 859 Medicis
673 829 749 849 saec.
779 818 823 850 13.
866 821 936 850 Cod,
960 822 1099 850 Laui-ent.
1124 822 1168 850 ΡΙ.
1195 819 1241 850 29.
1268 821 1293 849 1.
1312 824 1347 850 Α.
1367 836 1404 841 —-

94 859 177 886 Cant.
205 868 257 886 ms.
278 859 461 886 Toletanum.
490 867 566 887 saec.
595 856 637 887 13.
679 858 747 888 Cod.
767 860 917 888 Matriten.
938 860 1032 888 Tolet.
1058 857 1113 888 390
1139 858 1172 893 (232
1190 858 1280 893 —2=)').
1307 861 1340 887 B.

94 896 167 924 Ood.
187 896 445 932 Guelfenby'teran.
465 896 678 925 Helmst-adien.
699 895 763 925 628.
786 905 861 925 saec.
885 896 929 925 13.
953 898 984 926 0.
1004 912 1042 917 —
1063 896 1132 925 cod.
1146 897 1403 933 Guelfenbyttran,

92 935 307 963 Helmstadien.
332 932 412 963 1099.
436 943 511 963 saec.
535 932 577 963 13.
592 935 629 963 D.
649 950 685 955 —-
709 934 733 969 1,
758 933 771 962 1
793 936 876 964 Duce
896 937 969 964 »Sion
989 936 1022 963 A.
1044 951 1081 955 -
1102 934 1127 969 2,
1148 934 1168 962 4
1186 935 1291 963 Arctus
1311 936 1345 963 A.
1366 951 1376 955 -

90 970 123 1007 3,
145 970 162 1000 3
185 972 380 1008 vispellonum
399 973 437 1008 B;
462 973 646 1009 vespilonum
666 973 696 1001 C.
719 989 755 994 ——
774 972 805 1009 3,
835 972 852 1002 9
874 976 968 1003 erecto
989 973 1082 1012 gladi(
1111 973 1141 1001 C.
1163 988 1198 993 —
1222 973 1277 1001 cfr.
1298 973 1395 1001 Milch-

91 1010 162 1038 sack
185 1008 238 1038 199
259 1020 318 1047 sq.;
340 1011 434 1039 Carni.
455 1011 524 1039 Bur.
545 1020 572 1048 p.
596 1009 639 1040 11.

690 1136 790 1167 204.

94 1204 124 1235 1.
151 1203 218 1242 Quo
242 1211 294 1234 me
314 1205 436 1235 vertam
460 1202 578 1245 nescio,
779 1205 811 1236 4.
837 1203 888 1235 En
914 1202 1001 1235 cedit
1024 1202 1056 1234 iu
1083 1203 1285 1242 contrarium,

149 1250 233 1282 Dum
259 1250 370 1282 stricto
392 1250 515 1289 judicio
885 1249 967 1282 Nam
992 1250 1200 1290 sanguisugae
1224 1249 1311 1281 filiae

196 1298 363 1330 Praelatos
390 1296 589 1338 circumfero,
837 1295 935 1328 Visus
966 1298 1096 1328 caecant
1118 1297 1308 1334 sublimium,

198 1344 283 1377 Dum
307 1345 441 1376 virtutes
467 1344 609 1384 pondero
884 1344 1009 1375 Mento-s
1036 1344 1198 1384 captivant
1221 1343 1327 1387 hodio,

247 1392 377 1424 Patrum
402 1392 636 1431 modernorum,
836 1390 916 1422 Sunt
941 1399 1046 1422 eorum
1072 1391 1263 1432 supplicium

148 1441 256 1472 Tanta
280 1439 367 1471 subit
391 1439 518 1480 raritas,
886 1438 979 1480 Cura,
1005 1440 1117 1479 metus,
1144 1437 1271 1478 vigiliae

148 1487 241 1527 Quod
265 1487 320 1519 vix
343 1495 441 1518 unum
468 1487 586 1519 veritas
840 1485 970 1517 Praeter
995 1484 1139 1516 laborum
1165 1485 1304 1517 taedium

247 1534 370 1567 Probat
393 1534 588 1567 meritorum.
886 1531 931 1563 Et
956 1540 1078 1564 vermes
1104 1532 1323 1565 conscientiae.

90 1593 120 1625 2.
147 1593 185 1625 Iu
211 1592 373 1632 praelatos
399 1589 515 1630 refluit,
778 1591 808 1623 5.
837 1589 966 1628 Terrae,
1002 1589 1107 1630 mariS,
1135 1589 1217 1620 aeris

148 1639 239 1679 Quod
264 1649 284 1671 a
308 1639 410 1671 Roma
436 1635 556 1676 defluit,
836 1636 914 1668 Cum
939 1638 1040 1667 metus
1064 1635 1202 1667 evaseris

194 1686 347 1719 Romanis
373 1684 576 1727 adscribitur,
833 1683 880 1715 Et
902 1692 940 1715 re
962 1684 1053 1715 saiva
1076 1681 1166 1714 fueri}

194 1734 285 1773 Quod
310 1734 432 1766 Romae
458 1733 658 1765 connascitur
880 1730 1010 1771 fflreptis
1036 1730 1199 1770 angustiis,

240 1781 278 1813 In
304 1781 350 1813 eis
374 1783 498 1820 natura,
834 1778 885 1810 ΕΚ
915 1786 975 1818 quo
1000 1779 1131 1810 Romam
1160 1779 1291 1818 veneris,

144 1829 265 1861 Notum
290 1831 338 1859 est
364 1828 405 1859 de
428 1827 572 1869 singulis,
836 1825 909 1857 Nisi
933 1832 967 1857 te
989 1826 1171 1867 nudaveris,

144 1875 236 1916 Quod
264 1884 352 1907 mens
378 1878 427 1907 est
448 1875 483 1906 in
506 1874 620 1906 loculis
835 1873 895 1905 Vix
920 1872 1042 1905 absolvi
1065 1872 1185 1912 poteris

241 1923 286 1955 Et
309 1923 343 1954 in
369 1924 502 1961 quaestu
526 1930 612 1954 cura.
884 1919 999 1952 Curiae
1024 1918 1205 1959 naufragiis.

85 1983 117 2015 3.
145 1981 170 2015 O
194 1980 223 2012 si
248 1980 350 2011 Roma
372 1978 549 2017 respiceret
776 1979 805 2009 6.
834 1975 940 2007 Simon
967 1976 1063 2007 cubat
1083 1975 1197 2018 januis,

194 2029 325 2060 Patrum
352 2034 480 2057 suorum
498 2024 624 2064 merita,
835 2022 930 2061 Spem
955 2023 1144 2064 praecidens
1169 2022 1286 2064 vacuis,

144 2074 311 2108 Salubrius
339 2072 525 2112 disponeret
834 2069 942 2101 Simon
965 2069 999 2100 in
1024 2069 1159 2101 assiduis

190 2122 331 2154 Talenta
355 2119 417 2151 sibi
444 2118 576 2160 credita,
882 2115 1024 2148 Laborat
1049 2116 1272 2155 contractibus,

143 2169 365 2202 Humilitatem
392 2166 510 2198 coleret
832 2164 938 2204 Argus
965 2163 1048 2195 circa
1072 2164 1193 2195 loculos

189 2215 287 2248 Nube
311 2213 413 2248 fastus
439 2212 596 2253 deposita,
834 2210 965 2242 Centum
993 2214 1087 2251 gyrat
1110 2211 1228 2251 oculos,

140 2263 210 2297 Nec
234 2272 294 2303 spe
318 2261 400 2294 lucri
424 2260 590 2292 recederet
831 2257 982 2290 Briareus
1007 2258 1149 2290 sacculos

188 2312 219 2343 A
244 2309 391 2343 veritatis
416 2308 540 2341 semita.
881 2305 1014 2339 Centum
1040 2306 1125 2338 tollit
1149 2306 1303 2341 manibus.

164 2376 248 2405 Cant.
269 2383 323 2403 ms.
344 2375 423 2403 Petri
443 2374 479 2401 de
497 2373 622 2401 Medicis
642 2381 718 2401 saec.
741 2368 784 2400 13.
826 2369 894 2398 Cod.
915 2372 1105 2400 Laurentian.
1125 2372 1171 2400 PL
1192 2370 1239 2401 29.
1265 2371 1288 2401 1.
