1653 2566
713 538 756 570 De
776 548 815 571 ss.
836 539 1002 571 Trinitate.

830 626 869 654 1.

210 694 240 728 1.
268 694 292 727 O
319 704 416 735 amor,
442 695 538 735 Deus,
566 697 678 736 deitaS,

313 742 492 782 Majestatis
519 744 665 784 essentia,

265 788 432 821 Trinitatis
456 790 600 829 societas,

314 835 423 868 Nexus
446 840 478 868 et
501 838 649 878 amicitia,

314 882 433 915 Summi
458 884 533 915 boni
554 885 686 917 laetitia.

265 929 313 960 Tu
339 931 448 962 sitiens
475 931 620 972 societas,

266 976 358 1008 Vitae
380 978 475 1016 plena
500 977 648 1020 felicitas,

314 1023 365 1055 Ex
393 1025 481 1063 cujus
506 1023 669 1057 influentia

312 1070 402 1111 Sunt,
428 1072 547 1112 vivunt,
573 1072 680 1112 vigent
704 1074 817 1112 omnia,

264 1117 289 1149 O
315 1126 403 1149 amor
426 1118 624 1152 universitas,

230 1211 236 1216 .
262 1183 310 1214 Tu
335 1192 431 1223 sapor
455 1183 635 1225 ineffabilis,

310 1230 396 1262 Fons
423 1231 581 1272 debrians,
608 1241 685 1271 quos
711 1231 825 1273 reficis,

264 1276 385 1309 Dulcor
408 1278 618 1310 intolerabilis

310 1323 458 1364 Stringis,
485 1334 561 1365 quos
582 1326 663 1365 uniet,
689 1325 826 1366 perficis,

308 1372 499 1411 Incorporas
524 1381 583 1403 nec
608 1372 745 1413 sufficis3

262 1418 336 1450 Vita
359 1418 616 1459 interminabilis,

260 1465 309 1496 Tu
331 1465 399 1497 sola
425 1466 633 1506 delectabilis,

306 1512 480 1552 Impatiens
510 1512 662 1557 pacificis,

305 1559 415 1601 Dolor,
443 1560 497 1599 qui
521 1570 679 1600 nunquam
704 1559 824 1600 deficis,

260 1606 346 1646 Ignis
371 1607 649 1648 inexstinguibilis,

303 1654 328 1686 O
352 1663 442 1686 amor
465 1654 693 1689 inscrutabilis

223 1745 230 1753 .
257 1719 439 1751 Personalis
460 1720 653 1760 proprietas,

305 1767 374 1799 Nec
397 1770 431 1798 te
456 1768 556 1799 virtus
583 1771 764 1809 exsuperat,

258 1815 322 1847 Per
345 1817 378 1846 te
402 1815 483 1847 vivit
506 1816 688 1857 aeternitas,

306 1861 393 1901 Quae
443 1872 601 1902 nunquam
654 1866 686 1895 te
731 1873 825 1903 prae-

596 1914 737 1951 venerat,

308 1955 371 1987 Sed
397 1958 538 1989 osculum
562 1957 726 1998 habuerat,

259 2003 305 2035 Te
329 2003 410 2043 lege,
437 2006 548 2035 sancta
573 2005 709 2045 trinitas,

258 2050 440 2082 Familiaris
465 2051 580 2091 unitas,

306 2098 393 2137 Quae
419 2107 509 2130 caros
533 2098 642 2138 vincit,
670 2102 813 2131 carcerat

306 2144 350 2177 Et
372 2144 528 2178 universis
552 2146 699 2186 imperat,

257 2193 433 2226 Libertatis
459 2194 623 2233 securitas,

258 2242 283 2274 Ο
309 2250 406 2283 amor,
433 2240 530 2281 Deus,
559 2241 672 2274 deitas.

198 2310 231 2343 4.
258 2308 355 2347 Quem
381 2308 468 2341 nulla
494 2308 646 2340 dimensio

305 2356 454 2389 Termino
480 2356 619 2396 metitur,

889 1092 918 1124 5.

947 698 1015 730 Nec
1037 707 1145 730 sensus
1171 699 1303 731 intentio

991 745 1072 777 Fine
1097 744 1269 788 deffinitur,

992 793 1077 831 Quae
1101 801 1258 832 nunquam
1283 792 1402 835 finitur,

944 839 1007 871 Per
1031 842 1063 870 te
1087 848 1144 870 rex
1166 839 1199 870 in
1224 840 1302 871 solio

990 885 1109 917 Sedens
1134 887 1302 927 invenitur,

945 932 979 963 Si
1004 941 1111 964 curras
1134 933 1168 964 in
1193 933 1306 975 stadio,

991 979 1087 1011 Nullo
1111 980 1323 1019 praevenitur,

992 1026 1016 1058 O
1042 1035 1140 1065 amor,
1164 1035 1224 1065 quo
1248 1027 1323 1058 itur.

947 1090 1124 1129 Cellarium‚
1155 1091 1319 1134 vinarium,

990 1137 1088 1169 Dives
1113 1139 1145 1169 in
1170 1138 1254 1169 omni
1278 1139 1389 1178 gratia.

1037 1185 1087 1216 Tu
1111 1185 1227 1217 veritas
1253 1187 1285 1216 et
1307 1186 1381 1228 vita,

941 1231 989 1262 Tu
1013 1231 1084 1263 finis
1109 1234 1142 1263 et
1165 1232 1354 1271 principium

992 1278 1180 1310 Cunctorum
1209 1279 1411 1317 providentia

1037 1325 1502 1366 Quaquaequesuutpraesoita‚

944 1372 1006 1403 Per
1031 1372 1164 1403 liberum
1189 1372 1354 1403 arbitrium

945 1418 1080 1450 Currens
1107 1421 1139 1450 et
1162 1420 1374 1450 necessarium

989 1465 1139 1505 Disponis
1165 1466 1243 1497 haec
1269 1468 1300 1497 et
1324 1467 1388 1498 alia

1038 1512 1148 1544 Certus
1174 1522 1252 1554 sum,
1280 1514 1364 1553 quod
1389 1513 1430 1545 sit
1449 1513 1505 1546 ita.

908 1605 915 1612 .
940 1579 1026 1619 Ergo
1051 1579 1084 1610 in
1109 1580 1266 1619 principio

989 1626 1129 1659 Verbum
1152 1626 1238 1666 apud
1262 1626 1375 1670 Deum,

940 1674 1038 1713 Quem
1063 1674 1148 1705 idem
1174 1682 1244 1705 cum
1266 1673 1332 1706 filio

990 1720 1092 1753 Credo
1119 1721 1176 1752 sed
1200 1729 1262 1752 non
1288 1730 1359 1753 eum

988 1768 1033 1800 Et
1060 1777 1198 1800 amorem
1220 1777 1333 1802 meum.

941 1816 1046 1847 Patris
1071 1816 1236 1856 sapientia,

989 1862 1147 1902 Splendor
1169 1866 1199 1894 et
1223 1862 1334 1903 figura,

941 1910 1003 1941 Per
1031 1919 1123 1949 quem
1148 1909 1225 1941 fecit
1249 1912 1362 1950 omnia,

987 1957 1073 1988 Mira
1098 1957 1243 1997 genitura

989 2005 1078 2036 Idem
1103 2004 1136 2035 in
1160 2007 1283 2044 natura,

943 2051 1070 2083 Candor
1093 2051 1183 2093 lucis,
1210 2052 1371 2091 speculum

940 2098 1044 2130 Patris
1070 2101 1102 2130 et
1125 2100 1338 2138 spectaculum

991 2146 1099 2178 Omnis
1124 2149 1279 2187 creatura,

991 2193 1065 2225 Vita
1088 2196 1162 2233 post
1185 2193 1301 2234 futura,

991 2241 1015 2273 O
1041 2250 1139 2282 amor,
1165 2250 1215 2273 me
1241 2251 1326 2275 cura.

886 2309 916 2341 7.
945 2308 969 2341 O
995 2317 1083 2340 amor
1107 2309 1235 2341 vincens
1261 2310 1374 2350 omnia,

990 2356 1099 2389 Vincis
1124 2356 1350 2398 invincibilem,
