<?xml version="1.0" encoding="UTF-8"?>
<!DOCTYPE html PUBLIC "-//W3C//DTD XHTML 1.0 Transitional//EN"
    "http://www.w3.org/TR/xhtml1/DTD/xhtml1-transitional.dtd">
<html xmlns="http://www.w3.org/1999/xhtml" xml:lang="en" lang="en">
 <head>
  <title>
</title>
<meta http-equiv="Content-Type" content="text/html;charset=utf-8" />
  <meta name='ocr-system' content='tesseract 3.04.00' />
  <meta name='ocr-capabilities' content='ocr_page ocr_carea ocr_par ocr_line ocrx_word'/>
</head>
<body>
  <div class='ocr_page' id='page_1' title='image "./analectahymnica21drevuoft_00072.png"; bbox 0 0 1653 2566; ppageno 0'>
   <div class='ocr_carea' id='block_1_1' title="bbox 702 102 935 137">
    <p class='ocr_par' dir='ltr' id='par_1_1' title="bbox 702 102 935 137">
     <span class='ocr_line' id='line_1_1' title="bbox 702 102 935 137; baseline -0.009 -7"><span class='ocrx_word' id='word_1_1' title='bbox 702 102 935 137; x_wconf 44' lang='grc'><strong>,169-</strong></span> 
     </span>
    </p>
   </div>
   <div class='ocr_carea' id='block_1_2' title="bbox 163 197 1467 1144">
    <p class='ocr_par' dir='ltr' id='par_1_2' title="bbox 163 197 1467 1144">
     <span class='ocr_line' id='line_1_2' title="bbox 769 197 864 227; baseline -0.021 0"><span class='ocrx_word' id='word_1_2' title='bbox 769 197 864 227; x_wconf 83' lang='grc'><strong>101.</strong></span> 
     </span>
     <span class='ocr_line' id='line_1_3' title="bbox 647 261 980 300; baseline -0.003 -7"><span class='ocrx_word' id='word_1_3' title='bbox 647 262 690 293; x_wconf 80' lang='lat' dir='ltr'><strong>De</strong></span> <span class='ocrx_word' id='word_1_4' title='bbox 712 263 819 293; x_wconf 81' lang='lat' dir='ltr'><strong>saneto</strong></span> <span class='ocrx_word' id='word_1_5' title='bbox 840 261 980 300; x_wconf 78' lang='lat' dir='ltr'><strong>Georgio.</strong></span> 
     </span>
     <span class='ocr_line' id='line_1_4' title="bbox 163 325 1270 369; baseline 0.004 -11"><span class='ocrx_word' id='word_1_6' title='bbox 163 327 195 360; x_wconf 90' lang='lat'><strong>1.</strong></span> <span class='ocrx_word' id='word_1_7' title='bbox 222 325 397 369; x_wconf 78' lang='lat' dir='ltr'>Gloriosus,</span> <span class='ocrx_word' id='word_1_8' title='bbox 424 327 565 363; x_wconf 83' lang='lat' dir='ltr'><strong>fervidus</strong></span> <span class='ocrx_word' id='word_1_9' title='bbox 849 333 879 364; x_wconf 85' lang='lat'><strong>3.</strong></span> <span class='ocrx_word' id='word_1_10' title='bbox 906 331 1023 363; x_wconf 86' lang='lat' dir='ltr'><strong>Gratus</strong></span> <span class='ocrx_word' id='word_1_11' title='bbox 1046 332 1079 363; x_wconf 91' lang='lat' dir='ltr'><strong>in</strong></span> <span class='ocrx_word' id='word_1_12' title='bbox 1104 330 1270 363; x_wconf 84' lang='lat' dir='ltr'><strong>ardoribus</strong></span> 
     </span>
     <span class='ocr_line' id='line_1_5' title="bbox 268 373 1230 421; baseline 0.004 -15"><span class='ocrx_word' id='word_1_13' title='bbox 268 373 344 407; x_wconf 85' lang='lat' dir='ltr'><strong>fidei</strong></span> <span class='ocrx_word' id='word_1_14' title='bbox 368 376 498 417; x_wconf 81' lang='lat' dir='ltr'>zelator,</span> <span class='ocrx_word' id='word_1_15' title='bbox 950 379 1033 419; x_wconf 86' lang='lat' dir='ltr'><strong>ignis</strong></span> <span class='ocrx_word' id='word_1_16' title='bbox 1062 378 1230 421; x_wconf 84' lang='lat' dir='ltr'><strong>cruciatur,</strong></span> 
     </span>
     <span class='ocr_line' id='line_1_6' title="bbox 225 421 1307 458; baseline 0.003 -5"><span class='ocrx_word' id='word_1_17' title='bbox 225 421 344 454; x_wconf 78' lang='lat' dir='ltr'><strong>Christi</strong></span> <span class='ocrx_word' id='word_1_18' title='bbox 374 424 462 455; x_wconf 81' lang='lat' dir='ltr'><strong>miles</strong></span> <span class='ocrx_word' id='word_1_19' title='bbox 487 425 604 457; x_wconf 89' lang='lat' dir='ltr'><strong>nobilis</strong></span> <span class='ocrx_word' id='word_1_20' title='bbox 906 426 1060 458; x_wconf 82' lang='lat' dir='ltr'>Constans</span> <span class='ocrx_word' id='word_1_21' title='bbox 1088 425 1121 456; x_wconf 90' lang='lat' dir='ltr'><strong>in</strong></span> <span class='ocrx_word' id='word_1_22' title='bbox 1145 425 1307 457; x_wconf 79' lang='lat' dir='ltr'><strong>laboribus</strong></span> 
     </span>
     <span class='ocr_line' id='line_1_7' title="bbox 271 470 1259 513; baseline 0.003 -13"><span class='ocrx_word' id='word_1_23' title='bbox 271 471 382 502; x_wconf 86' lang='lat' dir='ltr'><strong>mundi</strong></span> <span class='ocrx_word' id='word_1_24' title='bbox 406 471 638 512; x_wconf 80' lang='lat' dir='ltr'><strong>supplantator,</strong></span> <span class='ocrx_word' id='word_1_25' title='bbox 950 473 1047 513; x_wconf 86' lang='lat' dir='ltr'><strong>virgis</strong></span> <span class='ocrx_word' id='word_1_26' title='bbox 1071 470 1259 512; x_wconf 81' lang='lat' dir='ltr'><strong>flagellatur,</strong></span> 
     </span>
     <span class='ocr_line' id='line_1_8' title="bbox 220 515 1284 558; baseline 0.003 -11"><span class='ocrx_word' id='word_1_27' title='bbox 220 515 382 556; x_wconf 80' lang='lat' dir='ltr'>Eloquens</span> <span class='ocrx_word' id='word_1_28' title='bbox 408 517 562 558; x_wconf 80' lang='lat' dir='ltr'><strong>Georgius</strong></span> <span class='ocrx_word' id='word_1_29' title='bbox 907 519 1016 551; x_wconf 62' lang='lat' dir='ltr'><strong>Just-„us</strong></span> <span class='ocrx_word' id='word_1_30' title='bbox 1039 521 1076 551; x_wconf 86' lang='lat' dir='ltr'><strong>ut</strong></span> <span class='ocrx_word' id='word_1_31' title='bbox 1098 519 1131 550; x_wconf 91' lang='lat' dir='ltr'><strong>in</strong></span> <span class='ocrx_word' id='word_1_32' title='bbox 1158 528 1284 551; x_wconf 87' lang='lat' dir='ltr'><strong>carcere</strong></span> 
     </span>
     <span class='ocr_line' id='line_1_9' title="bbox 270 562 1248 606; baseline 0.002 -11"><span class='ocrx_word' id='word_1_33' title='bbox 270 562 365 595; x_wconf 88' lang='lat' dir='ltr'><strong>fidem</strong></span> <span class='ocrx_word' id='word_1_34' title='bbox 390 567 595 606; x_wconf 79' lang='lat' dir='ltr'>protestatur,</span> <span class='ocrx_word' id='word_1_35' title='bbox 953 567 1071 598; x_wconf 84' lang='lat' dir='ltr'><strong>lumine</strong></span> <span class='ocrx_word' id='word_1_36' title='bbox 1095 566 1248 605; x_wconf 86' lang='lat' dir='ltr'><strong>privatur,</strong></span> 
     </span>
     <span class='ocr_line' id='line_1_10' title="bbox 224 609 1270 652; baseline 0.004 -11"><span class='ocrx_word' id='word_1_37' title='bbox 224 609 336 642; x_wconf 84' lang='lat' dir='ltr'><strong>Gentis</strong></span> <span class='ocrx_word' id='word_1_38' title='bbox 363 611 407 644; x_wconf 89' lang='lat' dir='ltr'><strong>dii</strong></span> <span class='ocrx_word' id='word_1_39' title='bbox 434 612 608 652; x_wconf 82' lang='lat' dir='ltr'><strong>daemonia,</strong></span> <span class='ocrx_word' id='word_1_40' title='bbox 905 614 1027 645; x_wconf 88' lang='lat' dir='ltr'>Vulnus</span> <span class='ocrx_word' id='word_1_41' title='bbox 1050 615 1082 645; x_wconf 89' lang='lat' dir='ltr'><strong>in</strong></span> <span class='ocrx_word' id='word_1_42' title='bbox 1110 613 1270 645; x_wconf 87' lang='lat' dir='ltr'><strong>doloribus</strong></span> 
     </span>
     <span class='ocr_line' id='line_1_11' title="bbox 272 657 1246 693; baseline 0.004 -4"><span class='ocrx_word' id='word_1_43' title='bbox 272 657 379 690; x_wconf 86' lang='lat' dir='ltr'><strong>dicens</strong></span> <span class='ocrx_word' id='word_1_44' title='bbox 403 658 591 691; x_wconf 80' lang='lat' dir='ltr'><strong>vinculatur.</strong></span> <span class='ocrx_word' id='word_1_45' title='bbox 953 661 1019 692; x_wconf 86' lang='lat' dir='ltr'><strong>sale</strong></span> <span class='ocrx_word' id='word_1_46' title='bbox 1045 658 1246 693; x_wconf 78' lang='lat' dir='ltr'><strong>confricatur.</strong></span> 
     </span>
     <span class='ocr_line' id='line_1_12' title="bbox 163 713 1428 757; baseline 0.002 -13"><span class='ocrx_word' id='word_1_47' title='bbox 163 713 194 744; x_wconf 88' lang='lat'><strong>2.</strong></span> <span class='ocrx_word' id='word_1_48' title='bbox 222 713 381 746; x_wconf 87' lang='lat' dir='ltr'><strong>Obediens</strong></span> <span class='ocrx_word' id='word_1_49' title='bbox 406 714 533 753; x_wconf 87' lang='lat' dir='ltr'><strong>spiritui</strong></span> <span class='ocrx_word' id='word_1_50' title='bbox 847 717 879 748; x_wconf 85' lang='lat'><strong>4.</strong></span> <span class='ocrx_word' id='word_1_51' title='bbox 905 716 1078 748; x_wconf 86' lang='lat' dir='ltr'><strong>Fervidum</strong></span> <span class='ocrx_word' id='word_1_52' title='bbox 1105 716 1158 747; x_wconf 85' lang='lat' dir='ltr'><strong>hic</strong></span> <span class='ocrx_word' id='word_1_53' title='bbox 1180 717 1353 757; x_wconf 82' lang='lat' dir='ltr'><strong>plumbum,</strong></span> <span class='ocrx_word' id='word_1_54' title='bbox 1379 716 1428 749; x_wconf 85' lang='lat' dir='ltr'><strong>bis</strong></span> 
     </span>
     <span class='ocr_line' id='line_1_13' title="bbox 270 762 1248 805; baseline 0.003 -13"><span class='ocrx_word' id='word_1_55' title='bbox 270 769 396 793; x_wconf 89' lang='lat' dir='ltr'><strong>carnem</strong></span> <span class='ocrx_word' id='word_1_56' title='bbox 420 762 603 804; x_wconf 79' lang='lat' dir='ltr'><strong>maceravit,</strong></span> <span class='ocrx_word' id='word_1_57' title='bbox 951 766 1052 795; x_wconf 85' lang='lat' dir='ltr'><strong>rotam</strong></span> <span class='ocrx_word' id='word_1_58' title='bbox 1077 764 1248 805; x_wconf 85' lang='lat' dir='ltr'><strong>superavit,</strong></span> 
     </span>
     <span class='ocr_line' id='line_1_14' title="bbox 221 807 1237 848; baseline 0.004 -10"><span class='ocrx_word' id='word_1_59' title='bbox 221 807 462 840; x_wconf 86' lang='lat' dir='ltr'><strong>Tormentorum</strong></span> <span class='ocrx_word' id='word_1_60' title='bbox 490 817 606 848; x_wconf 81' lang='lat' dir='ltr'><strong>genera</strong></span> <span class='ocrx_word' id='word_1_61' title='bbox 903 811 1003 842; x_wconf 84' lang='lat' dir='ltr'><strong>Preec</strong></span> <span class='ocrx_word' id='word_1_62' title='bbox 1031 810 1102 842; x_wconf 81' lang='lat' dir='ltr'><strong>fusa</strong></span> <span class='ocrx_word' id='word_1_63' title='bbox 1125 810 1237 842; x_wconf 85' lang='lat' dir='ltr'><strong>sedula</strong></span> 
     </span>
     <span class='ocr_line' id='line_1_15' title="bbox 270 855 1238 898; baseline 0.003 -13"><span class='ocrx_word' id='word_1_64' title='bbox 270 856 369 887; x_wconf 86' lang='lat' dir='ltr'><strong>multa</strong></span> <span class='ocrx_word' id='word_1_65' title='bbox 397 855 556 896; x_wconf 89' lang='lat' dir='ltr'><strong>toleravit,</strong></span> <span class='ocrx_word' id='word_1_66' title='bbox 952 858 1040 890; x_wconf 81' lang='lat' dir='ltr'><strong>idola</strong></span> <span class='ocrx_word' id='word_1_67' title='bbox 1063 858 1238 898; x_wconf 84' lang='lat' dir='ltr'><strong>prostravit</strong></span> 
     </span>
     <span class='ocr_line' id='line_1_16' title="bbox 220 901 1327 944; baseline 0.003 -11"><span class='ocrx_word' id='word_1_68' title='bbox 220 901 338 933; x_wconf 83' lang='lat' dir='ltr'><strong>Rectus</strong></span> <span class='ocrx_word' id='word_1_69' title='bbox 361 903 394 934; x_wconf 91' lang='lat' dir='ltr'><strong>in</strong></span> <span class='ocrx_word' id='word_1_70' title='bbox 416 903 538 941; x_wconf 83' lang='lat' dir='ltr'><strong>judicio</strong></span> <span class='ocrx_word' id='word_1_71' title='bbox 906 904 1041 937; x_wconf 83' lang='lat' dir='ltr'><strong>Sanctus</strong></span> <span class='ocrx_word' id='word_1_72' title='bbox 1066 913 1103 935; x_wconf 83' lang='lat' dir='ltr'><strong>ae</strong></span> <span class='ocrx_word' id='word_1_73' title='bbox 1127 914 1185 944; x_wconf 92' lang='lat' dir='ltr'><strong>pro</strong></span> <span class='ocrx_word' id='word_1_74' title='bbox 1210 905 1327 944; x_wconf 88' lang='lat' dir='ltr'><strong>populo</strong></span> 
     </span>
     <span class='ocr_line' id='line_1_17' title="bbox 270 949 1235 993; baseline 0.002 -13"><span class='ocrx_word' id='word_1_75' title='bbox 270 949 376 981; x_wconf 88' lang='lat' dir='ltr'><strong>hostes</strong></span> <span class='ocrx_word' id='word_1_76' title='bbox 403 951 605 992; x_wconf 82' lang='lat' dir='ltr'><strong>expugnavit,</strong></span> <span class='ocrx_word' id='word_1_77' title='bbox 953 952 1052 983; x_wconf 90' lang='lat' dir='ltr'><strong>Deum</strong></span> <span class='ocrx_word' id='word_1_78' title='bbox 1083 952 1235 993; x_wconf 84' lang='lat' dir='ltr'><strong>exoravit,</strong></span> 
     </span>
     <span class='ocr_line' id='line_1_18' title="bbox 222 995 1277 1038; baseline 0.003 -11"><span class='ocrx_word' id='word_1_79' title='bbox 222 995 338 1027; x_wconf 91' lang='lat' dir='ltr'><strong>Tortus</strong></span> <span class='ocrx_word' id='word_1_80' title='bbox 362 997 396 1028; x_wconf 88' lang='lat' dir='ltr'><strong>in</strong></span> <span class='ocrx_word' id='word_1_81' title='bbox 423 997 553 1036; x_wconf 83' lang='lat' dir='ltr'><strong>equuleo</strong></span> <span class='ocrx_word' id='word_1_82' title='bbox 907 998 1037 1030; x_wconf 73' lang='lat' dir='ltr'><strong>Cursum</strong></span> <span class='ocrx_word' id='word_1_83' title='bbox 1064 998 1148 1029; x_wconf 90' lang='lat' dir='ltr'><strong>vitae</strong></span> <span class='ocrx_word' id='word_1_84' title='bbox 1172 999 1277 1038; x_wconf 86' lang='lat' dir='ltr'><strong>gladio</strong></span> 
     </span>
     <span class='ocr_line' id='line_1_19' title="bbox 267 1044 1292 1083; baseline 0.002 -9"><span class='ocrx_word' id='word_1_85' title='bbox 267 1044 405 1083; x_wconf 87' lang='lat' dir='ltr'><strong>palmam</strong></span> <span class='ocrx_word' id='word_1_86' title='bbox 430 1044 616 1083; x_wconf 74' lang='lat' dir='ltr'><strong>reportavit.</strong></span> <span class='ocrx_word' id='word_1_87' title='bbox 952 1044 1030 1077; x_wconf 80' lang='lat' dir='ltr'><strong>felix</strong></span> <span class='ocrx_word' id='word_1_88' title='bbox 1056 1046 1292 1078; x_wconf 77' lang='lat' dir='ltr'><strong>consummavit.</strong></span> 
     </span>
     <span class='ocr_line' id='line_1_20' title="bbox 238 1105 1467 1144; baseline 0.002 -10"><span class='ocrx_word' id='word_1_89' title='bbox 238 1107 320 1134; x_wconf 86' lang='lat' dir='ltr'><strong>Cant.</strong></span> <span class='ocrx_word' id='word_1_90' title='bbox 351 1116 404 1135; x_wconf 84' lang='lat' dir='ltr'><strong>ms.</strong></span> <span class='ocrx_word' id='word_1_91' title='bbox 433 1116 508 1135; x_wconf 86' lang='lat' dir='ltr'><strong>saec.</strong></span> <span class='ocrx_word' id='word_1_92' title='bbox 539 1105 616 1143; x_wconf 70' lang='lat'><strong>15110.</strong></span> <span class='ocrx_word' id='word_1_93' title='bbox 662 1109 731 1136; x_wconf 83' lang='lat' dir='ltr'><strong>Cod.</strong></span> <span class='ocrx_word' id='word_1_94' title='bbox 758 1108 900 1137; x_wconf 80' lang='lat' dir='ltr'><strong>Mutinen.</strong></span> <span class='ocrx_word' id='word_1_95' title='bbox 926 1110 969 1137; x_wconf 87' lang='lat' dir='ltr'><strong>IV</strong></span> <span class='ocrx_word' id='word_1_96' title='bbox 997 1111 1024 1137; x_wconf 95' lang='lat' dir='ltr'>D</span> <span class='ocrx_word' id='word_1_97' title='bbox 1056 1108 1082 1137; x_wconf 84' lang='lat'><strong>5.</strong></span> <span class='ocrx_word' id='word_1_98' title='bbox 1115 1125 1152 1129; x_wconf 93' lang='lat'><strong>—-</strong></span> <span class='ocrx_word' id='word_1_99' title='bbox 1181 1109 1212 1144; x_wconf 90' lang='lat'><strong>4,</strong></span> <span class='ocrx_word' id='word_1_100' title='bbox 1245 1108 1259 1137; x_wconf 83' lang='lat'>1</span> <span class='ocrx_word' id='word_1_101' title='bbox 1286 1110 1395 1138; x_wconf 87' lang='lat' dir='ltr'><strong>Verum</strong></span> <span class='ocrx_word' id='word_1_102' title='bbox 1420 1109 1467 1136; x_wconf 74' lang='lat' dir='ltr'><strong>hie</strong></span> 
     </span>
    </p>
   </div>
   <div class='ocr_carea' id='block_1_3' title="bbox 160 1145 387 1181">
    <p class='ocr_par' dir='ltr' id='par_1_3' title="bbox 160 1145 387 1181">
     <span class='ocr_line' id='line_1_21' title="bbox 160 1145 387 1181; baseline 0.004 -9"><span class='ocrx_word' id='word_1_103' title='bbox 160 1145 311 1181; x_wconf 79' lang='lat' dir='ltr'><strong>plumbum</strong></span> <span class='ocrx_word' id='word_1_104' title='bbox 331 1146 387 1173; x_wconf 88' lang='lat' dir='ltr'><strong>bis.</strong></span> 
     </span>
    </p>
   </div>
   <div class='ocr_carea' id='block_1_4' title="bbox 679 1218 969 1270">
    <p class='ocr_par' dir='ltr' id='par_1_4' title="bbox 679 1218 969 1270">
     <span class='ocr_line' id='line_1_22' title="bbox 679 1218 969 1270; baseline 0 -2"><span class='ocrx_word' id='word_1_105' title='bbox 679 1239 722 1269; x_wconf 84' lang='lat' dir='ltr'><strong>De</strong></span> <span class='ocrx_word' id='word_1_106' title='bbox 742 1218 969 1270; x_wconf 65' lang='lat' dir='ltr'><strong>Innocentibiis.</strong></span> 
     </span>
    </p>
   </div>
   <div class='ocr_carea' id='block_1_5' title="bbox 164 1306 1442 1756">
    <p class='ocr_par' dir='ltr' id='par_1_5' title="bbox 164 1306 1442 1756">
     <span class='ocr_line' id='line_1_23' title="bbox 766 1306 865 1336; baseline 0 -2"><span class='ocrx_word' id='word_1_107' title='bbox 766 1306 865 1336; x_wconf 76' lang='lat'><strong>102.</strong></span> 
     </span>
     <span class='ocr_line' id='line_1_24' title="bbox 166 1373 1252 1416; baseline 0.001 -11"><span class='ocrx_word' id='word_1_108' title='bbox 166 1373 194 1405; x_wconf 85' lang='lat' dir='ltr'><strong>l.</strong></span> <span class='ocrx_word' id='word_1_109' title='bbox 224 1373 249 1406; x_wconf 95' lang='grc' dir='ltr'>Ο</span> <span class='ocrx_word' id='word_1_110' title='bbox 276 1373 394 1405; x_wconf 83' lang='lat' dir='ltr'><strong>Christi</strong></span> <span class='ocrx_word' id='word_1_111' title='bbox 418 1373 536 1405; x_wconf 85' lang='lat' dir='ltr'><strong>milites</strong></span> <span class='ocrx_word' id='word_1_112' title='bbox 561 1374 673 1414; x_wconf 87' lang='lat' dir='ltr'><strong>incliti,</strong></span> <span class='ocrx_word' id='word_1_113' title='bbox 848 1375 879 1406; x_wconf 85' lang='lat'><strong>3.</strong></span> <span class='ocrx_word' id='word_1_114' title='bbox 906 1374 930 1407; x_wconf 94' lang='grc' dir='ltr'><strong>Ο</strong></span> <span class='ocrx_word' id='word_1_115' title='bbox 957 1373 1065 1406; x_wconf 88' lang='lat' dir='ltr'><strong>felices</strong></span> <span class='ocrx_word' id='word_1_116' title='bbox 1093 1373 1252 1416; x_wconf 83' lang='lat' dir='ltr'><strong>infantuli,</strong></span> 
     </span>
     <span class='ocr_line' id='line_1_25' title="bbox 224 1419 1277 1463; baseline 0.001 -11"><span class='ocrx_word' id='word_1_117' title='bbox 224 1420 319 1453; x_wconf 90' lang='lat' dir='ltr'><strong>Cunis</strong></span> <span class='ocrx_word' id='word_1_118' title='bbox 343 1419 514 1460; x_wconf 84' lang='lat' dir='ltr'><strong>fasciisque</strong></span> <span class='ocrx_word' id='word_1_119' title='bbox 538 1421 662 1461; x_wconf 88' lang='lat' dir='ltr'><strong>armati,</strong></span> <span class='ocrx_word' id='word_1_120' title='bbox 904 1421 1017 1453; x_wconf 87' lang='lat' dir='ltr'><strong>Flores</strong></span> <span class='ocrx_word' id='word_1_121' title='bbox 1041 1422 1171 1460; x_wconf 86' lang='lat' dir='ltr'><strong>superni</strong></span> <span class='ocrx_word' id='word_1_122' title='bbox 1196 1422 1277 1463; x_wconf 77' lang='lat' dir='ltr'><strong>solii,</strong></span> 
     </span>
     <span class='ocr_line' id='line_1_26' title="bbox 222 1467 1384 1510; baseline 0.002 -11"><span class='ocrx_word' id='word_1_123' title='bbox 222 1467 363 1499; x_wconf 85' lang='lat' dir='ltr'><strong>Matrum</strong></span> <span class='ocrx_word' id='word_1_124' title='bbox 388 1469 535 1507; x_wconf 82' lang='lat' dir='ltr'><strong>sugentes</strong></span> <span class='ocrx_word' id='word_1_125' title='bbox 560 1468 659 1500; x_wconf 86' lang='lat' dir='ltr'><strong>ubera</strong></span> <span class='ocrx_word' id='word_1_126' title='bbox 906 1469 1032 1508; x_wconf 87' lang='lat' dir='ltr'><strong>Agnum</strong></span> <span class='ocrx_word' id='word_1_127' title='bbox 1056 1471 1222 1508; x_wconf 84' lang='lat' dir='ltr'><strong>sequentes</strong></span> <span class='ocrx_word' id='word_1_128' title='bbox 1246 1470 1384 1510; x_wconf 86' lang='lat' dir='ltr'><strong>undiquc</strong></span> 
     </span>
     <span class='ocr_line' id='line_1_27' title="bbox 224 1514 1422 1558; baseline 0.001 -12"><span class='ocrx_word' id='word_1_129' title='bbox 224 1514 410 1555; x_wconf 84' lang='lat' dir='ltr'><strong>Sumpsistis</strong></span> <span class='ocrx_word' id='word_1_130' title='bbox 435 1515 651 1555; x_wconf 75' lang='lat' dir='ltr'><strong>triumphalia.</strong></span> <span class='ocrx_word' id='word_1_131' title='bbox 905 1515 1057 1547; x_wconf 80' lang='lat' dir='ltr'><strong>Laureati</strong></span> <span class='ocrx_word' id='word_1_132' title='bbox 1079 1516 1237 1548; x_wconf 85' lang='lat' dir='ltr'><strong>innocenti</strong></span> <span class='ocrx_word' id='word_1_133' title='bbox 1261 1518 1422 1558; x_wconf 78' lang='lat' dir='ltr'><strong>sanguine.</strong></span> 
     </span>
     <span class='ocr_line' id='line_1_28' title="bbox 164 1571 1442 1614; baseline 0.001 -10"><span class='ocrx_word' id='word_1_134' title='bbox 164 1573 195 1604; x_wconf 86' lang='lat'><strong>2.</strong></span> <span class='ocrx_word' id='word_1_135' title='bbox 222 1571 295 1604; x_wconf 77' lang='lat' dir='ltr'><strong>Rex</strong></span> <span class='ocrx_word' id='word_1_136' title='bbox 324 1572 447 1604; x_wconf 84' lang='lat' dir='ltr'><strong>aeterni</strong></span> <span class='ocrx_word' id='word_1_137' title='bbox 471 1572 554 1612; x_wconf 86' lang='lat' dir='ltr'><strong>regis</strong></span> <span class='ocrx_word' id='word_1_138' title='bbox 579 1571 674 1612; x_wconf 77' lang='lat' dir='ltr'><strong>filiuS‚</strong></span> <span class='ocrx_word' id='word_1_139' title='bbox 847 1574 879 1606; x_wconf 81' lang='lat'><strong>4.</strong></span> <span class='ocrx_word' id='word_1_140' title='bbox 907 1572 931 1604; x_wconf 97' lang='grc' dir='ltr'>Ο</span> <span class='ocrx_word' id='word_1_141' title='bbox 956 1572 1113 1612; x_wconf 84' lang='lat' dir='ltr'><strong>praecelsi</strong></span> <span class='ocrx_word' id='word_1_142' title='bbox 1139 1572 1233 1604; x_wconf 85' lang='lat' dir='ltr'><strong>duces</strong></span> <span class='ocrx_word' id='word_1_143' title='bbox 1256 1576 1442 1614; x_wconf 71' lang='lat' dir='ltr'><strong>martyrum,</strong></span> 
     </span>
     <span class='ocr_line' id='line_1_29' title="bbox 223 1619 1351 1662; baseline 0.001 -11"><span class='ocrx_word' id='word_1_144' title='bbox 223 1619 318 1659; x_wconf 87' lang='lat' dir='ltr'><strong>Cujus</strong></span> <span class='ocrx_word' id='word_1_145' title='bbox 344 1619 449 1652; x_wconf 85' lang='lat' dir='ltr'><strong>fuistis</strong></span> <span class='ocrx_word' id='word_1_146' title='bbox 475 1620 642 1662; x_wconf 81' lang='lat' dir='ltr'><strong>exercitus,</strong></span> <span class='ocrx_word' id='word_1_147' title='bbox 905 1620 1035 1652; x_wconf 87' lang='lat' dir='ltr'><strong>Placate</strong></span> <span class='ocrx_word' id='word_1_148' title='bbox 1059 1620 1146 1660; x_wconf 88' lang='lat' dir='ltr'><strong>pium</strong></span> <span class='ocrx_word' id='word_1_149' title='bbox 1171 1620 1351 1661; x_wconf 86' lang='lat' dir='ltr'><strong>Dominum,</strong></span> 
     </span>
     <span class='ocr_line' id='line_1_30' title="bbox 219 1666 1390 1709; baseline 0.001 -10"><span class='ocrx_word' id='word_1_150' title='bbox 219 1666 321 1699; x_wconf 84' lang='lat' dir='ltr'><strong>Exsul</strong></span> <span class='ocrx_word' id='word_1_151' title='bbox 348 1675 475 1699; x_wconf 79' lang='lat' dir='ltr'><strong>manens</strong></span> <span class='ocrx_word' id='word_1_152' title='bbox 500 1667 533 1699; x_wconf 88' lang='lat' dir='ltr'><strong>in</strong></span> <span class='ocrx_word' id='word_1_153' title='bbox 558 1668 741 1708; x_wconf 84' lang='lat' dir='ltr'><strong>Aegyptum</strong></span> <span class='ocrx_word' id='word_1_154' title='bbox 905 1666 951 1699; x_wconf 92' lang='lat' dir='ltr'><strong>Ut</strong></span> <span class='ocrx_word' id='word_1_155' title='bbox 975 1668 1035 1699; x_wconf 89' lang='lat' dir='ltr'><strong>hoe</strong></span> <span class='ocrx_word' id='word_1_156' title='bbox 1058 1670 1200 1699; x_wconf 90' lang='lat' dir='ltr'><strong>nostrum</strong></span> <span class='ocrx_word' id='word_1_157' title='bbox 1226 1668 1390 1709; x_wconf 85' lang='lat' dir='ltr'><strong>collegium</strong></span> 
     </span>
     <span class='ocr_line' id='line_1_31' title="bbox 220 1714 1382 1756; baseline 0.002 -10"><span class='ocrx_word' id='word_1_158' title='bbox 220 1715 390 1747; x_wconf 82' lang='lat' dir='ltr'><strong>Praemisit</strong></span> <span class='ocrx_word' id='word_1_159' title='bbox 418 1723 471 1746; x_wconf 89' lang='lat' dir='ltr'><strong>vos</strong></span> <span class='ocrx_word' id='word_1_160' title='bbox 496 1714 529 1746; x_wconf 91' lang='lat' dir='ltr'><strong>in</strong></span> <span class='ocrx_word' id='word_1_161' title='bbox 552 1715 712 1755; x_wconf 86' lang='lat' dir='ltr'><strong>gaudium.</strong></span> <span class='ocrx_word' id='word_1_162' title='bbox 906 1715 1064 1756; x_wconf 85' lang='lat' dir='ltr'><strong>Jungatur</strong></span> <span class='ocrx_word' id='word_1_163' title='bbox 1090 1715 1191 1746; x_wconf 85' lang='lat' dir='ltr'><strong>coetui</strong></span> <span class='ocrx_word' id='word_1_164' title='bbox 1216 1716 1382 1756; x_wconf 86' lang='lat' dir='ltr'><strong>virginum.</strong></span> 
     </span>
    </p>
   </div>
   <div class='ocr_carea' id='block_1_6' title="bbox 238 1770 1471 2007">
    <p class='ocr_par' dir='ltr' id='par_1_6' title="bbox 238 1770 1471 2007">
     <span class='ocr_line' id='line_1_32' title="bbox 547 1770 980 1811; baseline -0.009 -5"><span class='ocrx_word' id='word_1_165' title='bbox 547 1774 578 1806; x_wconf 86' lang='lat'><strong>5.</strong></span> <span class='ocrx_word' id='word_1_166' title='bbox 606 1771 717 1804; x_wconf 80' lang='lat' dir='ltr'><strong>Gloria</strong></span> <span class='ocrx_word' id='word_1_167' title='bbox 740 1770 810 1811; x_wconf 82' lang='lat' dir='ltr'><strong>tibi,</strong></span> <span class='ocrx_word' id='word_1_168' title='bbox 835 1770 980 1811; x_wconf 75' lang='lat' dir='ltr'><strong>Domine,</strong></span> 
     </span>
     <span class='ocr_line' id='line_1_33' title="bbox 602 1818 1069 1859; baseline 0.002 -8"><span class='ocrx_word' id='word_1_169' title='bbox 602 1820 663 1859; x_wconf 74' lang='lat' dir='ltr'><strong>Qui</strong></span> <span class='ocrx_word' id='word_1_170' title='bbox 686 1827 743 1851; x_wconf 88' lang='lat' dir='ltr'><strong>nos</strong></span> <span class='ocrx_word' id='word_1_171' title='bbox 771 1819 880 1851; x_wconf 84' lang='lat' dir='ltr'><strong>ditasti</strong></span> <span class='ocrx_word' id='word_1_172' title='bbox 903 1818 1069 1859; x_wconf 81' lang='lat' dir='ltr'><strong>magnifice</strong></span> 
     </span>
     <span class='ocr_line' id='line_1_34' title="bbox 602 1866 973 1909; baseline -0.003 -10"><span class='ocrx_word' id='word_1_173' title='bbox 602 1866 758 1907; x_wconf 79' lang='lat' dir='ltr'><strong>Reliquiis</strong></span> <span class='ocrx_word' id='word_1_174' title='bbox 783 1868 973 1909; x_wconf 81' lang='lat' dir='ltr'><strong>sanctorum,</strong></span> 
     </span>
     <span class='ocr_line' id='line_1_35' title="bbox 604 1913 1227 1954; baseline 0.002 -9"><span class='ocrx_word' id='word_1_175' title='bbox 604 1914 664 1953; x_wconf 80' lang='lat' dir='ltr'><strong>Qui</strong></span> <span class='ocrx_word' id='word_1_176' title='bbox 688 1917 792 1946; x_wconf 89' lang='lat' dir='ltr'><strong>tecum</strong></span> <span class='ocrx_word' id='word_1_177' title='bbox 816 1916 951 1954; x_wconf 86' lang='lat' dir='ltr'><strong>regnant</strong></span> <span class='ocrx_word' id='word_1_178' title='bbox 974 1923 1033 1954; x_wconf 86' lang='lat' dir='ltr'><strong>per</strong></span> <span class='ocrx_word' id='word_1_179' title='bbox 1057 1913 1227 1946; x_wconf 86' lang='lat' dir='ltr'><strong>saeculum.</strong></span> 
     </span>
     <span class='ocr_line' id='line_1_36' title="bbox 238 1976 1471 2007; baseline 0 -1"><span class='ocrx_word' id='word_1_180' title='bbox 238 1978 326 2006; x_wconf 85' lang='lat' dir='ltr'><strong>Grad.</strong></span> <span class='ocrx_word' id='word_1_181' title='bbox 346 1987 400 2006; x_wconf 90' lang='lat' dir='ltr'><strong>ms.</strong></span> <span class='ocrx_word' id='word_1_182' title='bbox 415 1978 591 2006; x_wconf 81' lang='lat' dir='ltr'><strong>Porcetense</strong></span> <span class='ocrx_word' id='word_1_183' title='bbox 611 1987 685 2006; x_wconf 85' lang='lat' dir='ltr'><strong>saec.</strong></span> <span class='ocrx_word' id='word_1_184' title='bbox 702 1976 776 2007; x_wconf 76' lang='lat' dir='ltr'><strong>1²l13.</strong></span> <span class='ocrx_word' id='word_1_185' title='bbox 812 1976 880 2006; x_wconf 77' lang='lat' dir='ltr'><strong>Cod.</strong></span> <span class='ocrx_word' id='word_1_186' title='bbox 895 1980 1110 2007; x_wconf 80' lang='lat' dir='ltr'><strong>Darmstadien.</strong></span> <span class='ocrx_word' id='word_1_187' title='bbox 1124 1976 1189 2006; x_wconf 85' lang='lat'><strong>931.</strong></span> <span class='ocrx_word' id='word_1_188' title='bbox 1204 1978 1268 2006; x_wconf 79' lang='lat' dir='ltr'><strong>add.</strong></span> <span class='ocrx_word' id='word_1_189' title='bbox 1284 1987 1359 2006; x_wconf 86' lang='lat' dir='ltr'><strong>saec.</strong></span> <span class='ocrx_word' id='word_1_190' title='bbox 1376 1977 1419 2006; x_wconf 83' lang='lat'><strong>14.</strong></span> <span class='ocrx_word' id='word_1_191' title='bbox 1435 1993 1471 1998; x_wconf 94' lang='lat'><strong>——</strong></span> 
     </span>
    </p>
   </div>
   <div class='ocr_carea' id='block_1_7' title="bbox 159 2013 1469 2082">
    <p class='ocr_par' dir='ltr' id='par_1_7' title="bbox 159 2013 1469 2082">
     <span class='ocr_line' id='line_1_37' title="bbox 161 2013 1469 2053; baseline 0.001 -10"><span class='ocrx_word' id='word_1_192' title='bbox 161 2013 194 2049; x_wconf 86' lang='lat'><strong>3,</strong></span> <span class='ocrx_word' id='word_1_193' title='bbox 214 2014 235 2043; x_wconf 82' lang='lat'>4</span> <span class='ocrx_word' id='word_1_194' title='bbox 254 2016 307 2043; x_wconf 81' lang='lat' dir='ltr'><strong>hat</strong></span> <span class='ocrx_word' id='word_1_195' title='bbox 326 2015 503 2043; x_wconf 76' lang='lat' dir='ltr'><strong>mindestens</strong></span> <span class='ocrx_word' id='word_1_196' title='bbox 523 2018 595 2044; x_wconf 83' lang='lat' dir='ltr'><strong>zwei</strong></span> <span class='ocrx_word' id='word_1_197' title='bbox 616 2016 718 2044; x_wconf 85' lang='lat' dir='ltr'><strong>Silben</strong></span> <span class='ocrx_word' id='word_1_198' title='bbox 737 2025 775 2043; x_wconf 88' lang='lat' dir='ltr'><strong>zu</strong></span> <span class='ocrx_word' id='word_1_199' title='bbox 794 2016 862 2049; x_wconf 89' lang='lat' dir='ltr'><strong>vicl,</strong></span> <span class='ocrx_word' id='word_1_200' title='bbox 884 2015 910 2049; x_wconf 82' lang='lat'><strong>5,</strong></span> <span class='ocrx_word' id='word_1_201' title='bbox 931 2014 949 2044; x_wconf 84' lang='lat'><strong>3</strong></span> <span class='ocrx_word' id='word_1_202' title='bbox 969 2018 1034 2045; x_wconf 87' lang='lat' dir='ltr'><strong>eine</strong></span> <span class='ocrx_word' id='word_1_203' title='bbox 1054 2026 1091 2044; x_wconf 79' lang='lat' dir='ltr'><strong>zu</strong></span> <span class='ocrx_word' id='word_1_204' title='bbox 1110 2018 1214 2053; x_wconf 82' lang='lat' dir='ltr'><strong>wenig.</strong></span> <span class='ocrx_word' id='word_1_205' title='bbox 1237 2031 1272 2035; x_wconf 89' lang='lat'><strong>—</strong></span> <span class='ocrx_word' id='word_1_206' title='bbox 1293 2017 1469 2044; x_wconf 78' lang='lat' dir='ltr'><strong>Aufschrift:</strong></span> 
     </span>
     <span class='ocr_line' id='line_1_38' title="bbox 159 2054 529 2082; baseline -0.003 0"><span class='ocrx_word' id='word_1_207' title='bbox 159 2054 240 2082; x_wconf 84' lang='lat' dir='ltr'><strong>Laus</strong></span> <span class='ocrx_word' id='word_1_208' title='bbox 261 2054 297 2082; x_wconf 82' lang='lat' dir='ltr'><strong>de</strong></span> <span class='ocrx_word' id='word_1_209' title='bbox 316 2054 529 2082; x_wconf 81' lang='lat' dir='ltr'><strong>innocentibus.</strong></span> 
     </span>
    </p>
   </div>
   <div class='ocr_carea' id='block_1_8' title="bbox 166 2157 1399 2364">
    <p class='ocr_par' dir='ltr' id='par_1_8' title="bbox 166 2157 1399 2364">
     <span class='ocr_line' id='line_1_39' title="bbox 767 2157 864 2187; baseline -0.01 -1"><span class='ocrx_word' id='word_1_210' title='bbox 767 2157 864 2187; x_wconf 84' lang='lat'><strong>103.</strong></span> 
     </span>
     <span class='ocr_line' id='line_1_40' title="bbox 166 2224 1374 2266; baseline -0.002 -5"><span class='ocrx_word' id='word_1_211' title='bbox 166 2229 195 2261; x_wconf 92' lang='lat'><strong>1.</strong></span> <span class='ocrx_word' id='word_1_212' title='bbox 222 2227 276 2260; x_wconf 88' lang='lat' dir='ltr'><strong>Ad</strong></span> <span class='ocrx_word' id='word_1_213' title='bbox 302 2225 461 2259; x_wconf 84' lang='lat' dir='ltr'><strong>infantum</strong></span> <span class='ocrx_word' id='word_1_214' title='bbox 486 2224 735 2266; x_wconf 84' lang='lat' dir='ltr'><strong>triumphantum</strong></span> <span class='ocrx_word' id='word_1_215' title='bbox 850 2228 882 2258; x_wconf 82' lang='lat'><strong>2.</strong></span> <span class='ocrx_word' id='word_1_216' title='bbox 909 2226 977 2258; x_wconf 83' lang='lat' dir='ltr'><strong>Rex</strong></span> <span class='ocrx_word' id='word_1_217' title='bbox 1001 2226 1130 2259; x_wconf 87' lang='lat' dir='ltr'><strong>insanus</strong></span> <span class='ocrx_word' id='word_1_218' title='bbox 1154 2225 1240 2258; x_wconf 87' lang='lat' dir='ltr'><strong>misit</strong></span> <span class='ocrx_word' id='word_1_219' title='bbox 1264 2236 1374 2259; x_wconf 88' lang='lat' dir='ltr'><strong>manus</strong></span> 
     </span>
     <span class='ocr_line' id='line_1_41' title="bbox 273 2274 1399 2316; baseline -0.001 -8"><span class='ocrx_word' id='word_1_220' title='bbox 273 2274 455 2308; x_wconf 83' lang='lat' dir='ltr'><strong>Gloriosum</strong></span> <span class='ocrx_word' id='word_1_221' title='bbox 482 2274 660 2314; x_wconf 83' lang='lat' dir='ltr'><strong>transitum,</strong></span> <span class='ocrx_word' id='word_1_222' title='bbox 943 2274 1130 2306; x_wconf 83' lang='lat' dir='ltr'><strong>Bethlehem</strong></span> <span class='ocrx_word' id='word_1_223' title='bbox 1154 2282 1212 2315; x_wconf 84' lang='lat' dir='ltr'><strong>per</strong></span> <span class='ocrx_word' id='word_1_224' title='bbox 1237 2274 1399 2316; x_wconf 82' lang='lat' dir='ltr'><strong>ambitum,</strong></span> 
     </span>
     <span class='ocr_line' id='line_1_42' title="bbox 224 2320 1282 2364; baseline -0.001 -9"><span class='ocrx_word' id='word_1_225' title='bbox 224 2323 301 2363; x_wconf 80' lang='lat' dir='ltr'><strong>Quis</strong></span> <span class='ocrx_word' id='word_1_226' title='bbox 325 2324 472 2364; x_wconf 86' lang='lat' dir='ltr'><strong>polorum</strong></span> <span class='ocrx_word' id='word_1_227' title='bbox 496 2321 678 2362; x_wconf 85' lang='lat' dir='ltr'><strong>perviorum</strong></span> <span class='ocrx_word' id='word_1_228' title='bbox 908 2322 946 2354; x_wconf 87' lang='lat' dir='ltr'><strong>In</strong></span> <span class='ocrx_word' id='word_1_229' title='bbox 971 2320 1080 2355; x_wconf 84' lang='lat' dir='ltr'><strong>furore</strong></span> <span class='ocrx_word' id='word_1_230' title='bbox 1105 2321 1145 2353; x_wconf 87' lang='lat' dir='ltr'><strong>de</strong></span> <span class='ocrx_word' id='word_1_231' title='bbox 1169 2330 1282 2354; x_wconf 84' lang='lat' dir='ltr'><strong>cruore</strong></span> 
     </span>
    </p>
   </div>
   <div class='ocr_carea' id='block_1_9' title="bbox 267 2369 1333 2411">
    <p class='ocr_par' dir='ltr' id='par_1_9' title="bbox 267 2369 1333 2411">
     <span class='ocr_line' id='line_1_43' title="bbox 267 2369 1333 2411; baseline 0 -7"><span class='ocrx_word' id='word_1_232' title='bbox 267 2371 358 2404; x_wconf 77' lang='lat' dir='ltr'><strong>Mors</strong></span> <span class='ocrx_word' id='word_1_233' title='bbox 383 2369 510 2411; x_wconf 85' lang='lat' dir='ltr'><strong>paravit</strong></span> <span class='ocrx_word' id='word_1_234' title='bbox 535 2370 667 2411; x_wconf 87' lang='lat' dir='ltr'><strong>aditum,</strong></span> <span class='ocrx_word' id='word_1_235' title='bbox 954 2369 1126 2410; x_wconf 74' lang='lat' dir='ltr'><strong>inquinans</strong></span> <span class='ocrx_word' id='word_1_236' title='bbox 1152 2370 1333 2404; x_wconf 77' lang='lat' dir='ltr'><strong>exercitum.</strong></span> 
     </span>
    </p>
   </div>
  </div>
 </body>
</html>
