1653 2566
703 99 938 135 —35—

767 231 863 263 125.

168 309 198 341 1.
227 309 330 342 Cantu
354 311 445 351 miro,
471 320 592 343 summa
614 311 710 343 laude
849 313 882 345 4.
908 312 987 343 Tres
1014 314 1174 343 consortes
1197 310 1356 350 liberavit,

226 356 355 389 Summo
379 358 459 398 viro,
485 359 543 401 vir,
571 359 741 398 applaude,
908 359 991 398 Quos
1016 359 1139 390 occulte
1163 358 1334 390 trucidavit

277 405 376 444 Quem
402 404 570 444 confortat,
954 405 1079 445 Hospes
1104 414 1187 439 reus,

228 451 324 491 Cujus
351 452 465 484 dextra
485 452 643 492 largitatis
907 453 1028 484 Reddit
1052 451 1170 492 furans,
1197 452 1281 492 quod
1306 450 1441 490 furatur,

225 499 325 538 Intus,
356 502 447 531 extra
472 500 621 532 desolatis
907 500 1010 531 Deum
1033 508 1146 531 curans
1170 499 1351 539 baptizatur

274 546 372 587 Opem
398 549 515 586 portat.
952 547 1037 580 Hinc
1060 546 1210 579 Judaeus.

169 633 202 663 2.
228 631 361 663 Pietatis
386 632 439 663 hic
462 634 615 671 patronus
850 633 880 665 5.
907 631 984 664 Jure
1007 640 1123 671 parens
1148 631 1185 663 fit
1205 631 1372 670 jucundus,

228 677 403 710 Gravitatis
428 678 519 719 fugat
542 688 629 722 onuS‚
907 679 971 711 Ter
995 687 1152 719 apparens
1177 679 1245 710 auri
1270 679 1394 718 pondus

272 725 344 757 Hoc
365 726 450 765 quod
474 728 596 766 gravat,
953 727 1051 766 Quem
1077 726 1199 765 ditavit,

224 773 381 805 Praesens
407 773 493 805 orbis
519 774 707 815 consolator,
909 773 975 812 Quo
1000 776 1065 805 tres
1089 775 1196 812 presto
1220 771 1406 803 venumdari

226 819 318 851 Salus
340 820 441 852 morbi
469 823 500 851 et
525 823 661 860 curator,
906 821 958 852 Ab
983 819 1099 852 infesto
1124 819 1271 859 lupanari

275 867 358 906 Quos
383 868 453 898 vult
476 868 573 901 lavat.
953 868 1137 900 Revocavit.

167 954 201 985 3.
229 952 329 985 Sedat
350 951 465 984 fluctus
489 953 694 992 procellosos,
851 954 881 985 6.
907 952 1004 993 Ergo,
1031 951 1164 989 Christe,
1190 950 1238 982 fili
1261 949 1332 989 Dei,

225 999 352 1031 Nautae
374 1000 478 1031 luctus
503 1000 687 1031 lacrimosos
908 999 970 1030 Per
994 1007 1085 1039 quem
1108 999 1169 1029 iste
1195 1006 1290 1028 causa
1313 998 1382 1035 spei

272 1046 357 1079 Dum
381 1047 503 1087 revisit,
942 1047 990 1079 Ut
1011 1046 1060 1077 sol
1082 1046 1188 1084 micat,

225 1094 316 1126 Patri
339 1093 444 1126 defert
467 1103 604 1126 mersum
628 1097 746 1134 natum,
907 1093 978 1125 Hac
1000 1093 1034 1124 in
1057 1093 1108 1124 die
1130 1091 1223 1131 plebs
1247 1090 1363 1122 festiva

226 1141 358 1179 Quando
383 1140 484 1173 refert
507 1150 563 1174 vas
586 1144 742 1182 auratum,
907 1140 981 1172 Tibi
1004 1140 1058 1180 pie
1080 1141 1186 1170 mente
1209 1138 1283 1171 viva

275 1188 365 1227 Quod
389 1189 547 1228 promisit.
952 1187 1136 1219 Benedicat.

243 1292 313 1319 Cod.
338 1292 463 1319 Parisin.
490 1291 538 1326 (ol.
565 1292 743 1327 Martialem)
768 1289 851 1319 3719.
878 1299 953 1319 saec.
982 1288 1025 1317 12.
1046 1290 1081 1317 A.
1107 1305 1144 1309 —
1172 1288 1239 1316 Cod.
1262 1286 1467 1324 Cantabrigen.

165 1329 208 1356 Ff.
228 1330 244 1356 Ι
266 1328 311 1356 17.
334 1338 409 1357 saec.
432 1328 477 1358 13.
498 1330 532 1357 B.
558 1344 596 1349 —
621 1328 645 1363 1,
668 1328 741 1358 1-3
763 1330 860 1357 fehleu
879 1330 912 1356 Β.
933 1343 972 1348 —
992 1326 1019 1361 2,
1040 1326 1057 1355 5
1076 1328 1210 1355 mc1·bum
1230 1328 1262 1355 B.
1283 1341 1320 1345 ——
1341 1324 1366 1359 51,
1388 1324 1404 1353 3
1425 1334 1469 1353 rc>

164 1369 241 1394 vixit
265 1368 300 1396 B.
330 1384 367 1388 --
396 1366 422 1401 Β,
450 1367 471 1395 4
498 1368 594 1395 differt
619 1369 652 1395 B.
677 1383 715 1387 —
740 1366 793 1395 Str⁴
825 1367 845 1395 4
867 1367 928 1394 und
953 1365 969 1394 Ξ
997 1366 1165 1401 umgesztellt
1194 1366 1227 1393 Β.
1255 1379 1292 1383 -
1316 1363 1343 1398 4,
1369 1363 1385 1391 6
1412 1363 1467 1390 Hic

164 1405 296 1433 Judaeus
315 1406 375 1433 AB.
396 1421 434 1425 —
453 1404 479 1439 5,
502 1404 517 1433 1
537 1406 593 1433 Ille
611 1414 716 1442 parens
736 1406 770 1433 A.

773 1574 870 1604 126.

166 1665 198 1698 1.
225 1663 351 1696 Nicolai
375 1663 532 1704 praesulis
847 1663 880 1694 2.
905 1661 944 1693 In
969 1662 1056 1692 'tanto
1080 1659 1227 1691 natalitio

271 1711 403 1743 Festum
429 1711 632 1754 celebremus,
907 1709 1037 1740 Patrum
1064 1708 1156 1739 docet
1179 1706 1320 1746 traditio,

224 1759 453 1799 Concrepando
482 1758 619 1790 modulis
907 1756 955 1789 Ut
980 1760 1127 1787 consonet
1151 1755 1184 1786 in
1209 1754 1324 1794 gaudio

271 1806 429 1839 Laetitiae
453 1815 609 1848 sonemus,
906 1803 1067 1836 Fidelium
1093 1803 1228 1840 devotio,

224 1854 378 1886 Versibus
403 1854 578 1894 almisonis,
907 1851 969 1883 Est
993 1859 1066 1890 ergo
1091 1849 1285 1889 superstitio,

223 1902 369 1935 Vocibus.
387 1901 532 1933 altisonis
905 1898 1028 1930 Vacare
1052 1906 1072 1929 a
1096 1896 1249 1937 tripudio.

271 1949 391 1981 Intenti
415 1947 610 1980 festinemus

564 2035 595 2067 3.
622 2032 716 2064 Nunc
738 2032 834 2072 igitur
857 2031 1012 2070 justorum

619 2079 765 2112 Suavitas
790 2081 954 2110 cantorum

618 2129 681 2160 Per
704 2130 889 2168 tympanum
915 2129 946 2157 et
971 2124 1100 2157 chorum

617 2175 663 2207 Et
686 2183 778 2206 omne
802 2173 992 2205 musicorum

619 2222 726 2255 Genus
749 2222 1029 2254 instrumentorum

619 2271 741 2304 Psallat
764 2270 832 2302 Deo
864 2270 1001 2302 deorum.

237 2381 321 2409 Cant.
341 2389 394 2408 ms.
416 2378 496 2406 Petri
516 2377 551 2405 de
571 2375 694 2404 Medicis
715 2383 790 2403 saec.
814 2371 857 2402 13.
890 2373 958 2401 Cod.
979 2372 1169 2400 Laurentian.
1189 2371 1234 2398 Pl.
1255 2368 1300 2398 29.
1322 2369 1347 2398 1.
