1653 2566
705 110 939 144 —15-

509 205 540 236 3.
567 203 671 243 Salve,
699 205 812 237 donum
840 206 999 247 coelicum,

564 250 702 291 Spiritus
726 252 788 284 Dei
813 254 866 293 qui
891 254 1015 297 diceris,

565 299 586 331 J
591 308 724 331 uvamen
751 300 793 332 da
815 300 982 332 mirificum

567 345 697 378 Donans
722 347 870 378 auxilium
897 348 1040 390 miseris;

563 393 642 435 Ave,
671 401 797 426 carmen
818 395 995 435 mysticum,

566 439 657 478 Quod
681 449 841 481 nunquam
864 442 998 474 humiles
1025 441 1154 481 deseris,

563 486 638 525 Fae,
666 488 804 527 trinitas,
830 498 887 521 nos
913 488 976 521 frui
999 488 1121 529 superis

567 534 605 566 In
631 537 802 569 aeternum.
939 546 945 549 ·

250 597 330 633 Ogm.
351 598 504 625 Monacen.
524 596 572 631 (ol.
592 598 741 634 Tegurin.)
762 598 826 627 715.
846 609 921 628 saec.
943 599 988 629 15.

169 756 202 791 1.
229 757 326 797 Fons,
353 757 440 798 origo
466 758 618 790 trinitatis
855 762 885 794 3.
912 760 987 792 Pari
1011 758 1150 800 gaudent.
1173 758 1323 798 bonitate,

231 805 275 837 Et
299 806 396 837 totius
423 805 550 837 deitatis
911 807 987 840 Pari
1011 805 1134 848 pollent
1159 805 1321 845 dignitate,

278 853 376 884 Pater
403 854 452 883 est
475 853 677 893 principium,
958 855 1058 886 Pares
1081 854 1156 884 sunt
1178 852 1212 883 in
1237 852 1355 892 glorier,

231 899 398 931 Attributa
421 902 581 940 potestate
914 901 1040 933 Patrem
1065 899 1170 932 nullus
1195 900 1385 939 procreavit,

229 946 274 978 Et
299 947 447 978 conclusa
469 947 605 978 veritate
915 948 1031 980 Natum
1056 949 1148 987 pater
1171 947 1335 986 generavit

282 993 393 1034 Gignit,
417 1002 455 1024 ex
482 1002 517 1025 se
541 993 650 1026 filium.
958 995 1003 1027 Et
1027 993 1127 1034 spirat
1152 993 1335 1032 aequaliter.

173 1051 204 1082 2.
232 1049 336 1081 Datur
360 1052 453 1082 natus
479 1050 594 1082 mundo
621 1053 739 1091 gratus,
854 1053 885 1085 4.
911 1051 974 1083 Sed
1000 1051 1039 1083 ab
1064 1050 1113 1082 his
1138 1058 1226 1081 amor
1249 1049 1391 1091 spiravit,

232 1097 430 1135 incarnatus,
456 1097 645 1137 illustratus,
911 1099 1010 1130 Amor
1032 1099 1139 1129 natum
1163 1096 1345 1128 humanavit

279 1144 397 1176 Plenus
421 1144 587 1186 sapientia.
963 1170 1422 1179 ..............

229 1190 273 1222 Hi
298 1194 373 1223 sunt
395 1199 489 1230 pares
515 1194 683 1231 potestate,
912 1193 975 1225 Per
999 1200 1090 1232 quem
1114 1194 1206 1230 pater
1231 1193 1392 1230 reparavit

230 1237 413 1271 Uniformes
434 1238 565 1278 unitate,
910 1239 1087 1276 Hominem,
1114 1246 1204 1278 quem
1228 1237 1383 1269 sauciavit

278 1284 498 1317 Gubernantes
523 1286 635 1319 omnia.
955 1286 1049 1326 Ligni
1077 1285 1204 1317 morbus
1228 1284 1376 1324 graviter.

529 1343 560 1374 5.
586 1341 653 1373 Hos
680 1342 845 1373 distinctos
868 1342 903 1373 in
924 1342 1069 1382 personis

591 1388 655 1420 Sed
678 1389 710 1420 in
736 1397 805 1420 esse
829 1392 861 1420 et,
883 1389 916 1420 in
943 1389 1033 1421 donis

634 1436 726 1468 Idem
752 1444 820 1467 esse
845 1436 1011 1475 eredimus,

590 1483 638 1514 Tu
662 1492 729 1523 nos,
755 1482 851 1522 Deus,
879 1484 959 1515 coeli
979 1483 1069 1515 bonis

589 1530 761 1561 Beatorum
782 1533 816 1562 et
839 1531 961 1563 coronis

637 1577 716 1609 Frui
740 1576 802 1618 fae,
829 1578 1036 1618 exposcimus.

244 1641 316 1669 Clru.
339 1643 491 1670 Monaeen.
512 1640 560 1677 (ol.
580 1641 804 1676 Emmeramen.)
825 1641 922 1672 14343
943 1645 1012 1671 anni
1036 1641 1116 1672 1351.

579 1733 742 1766 Cantiones
764 1734 1065 1775 Quatnagesimales.

167 1861 197 1895 1.
223 1861 354 1894 Rubens
379 1870 461 1901 rosa,
487 1863 565 1895 Jesu
589 1862 651 1904 pie,
848 1865 879 1897 3.
908 1863 1137 1896 Consolationis
1162 1872 1265 1895 rorem

224 1908 289 1940 Fili
314 1909 416 1949 patris
442 1912 474 1940 et
496 1909 630 1950 Mariae,
904 1911 997 1943 Dona
1020 1911 1111 1943 uobis
1138 1914 1170 1942 et
1193 1919 1331 1942 amorem

223 1955 464 1988 Saeratissimae
906 1960 1012 1998 Atque
1035 1967 1182 1998 saporem

223 2002 356 2043 Semper
382 2002 523 2045 virginis,
905 2006 965 2037 Tui
991 2005 1135 2045 nominis,

223 2051 284 2089 Qui
306 2060 366 2091 pro
391 2050 482 2083 nobis
503 2050 612 2083 fundis
904 2052 1006 2085 Jubar
1029 2052 1081 2085 fae
1104 2053 1223 2085 sentire

220 2098 319 2130 Rivos
344 2098 515 2138 sanguinis.
904 2100 964 2131 Tui
989 2100 1125 2134 luminis,

163 2158 194 2188 2.
220 2155 287 2187 Nos
313 2166 332 2187 a
358 2155 452 2195 culpa
476 2164 569 2188 serva
592 2166 699 2196 puros,
847 2159 877 2190 4.
903 2158 1014 2190 Hostis
1040 2159 1148 2190 noster
1173 2158 1351 2198 versipellis

220 2205 322 2236 Actus
348 2202 401 2236 fae
424 2212 554 2235 servare
578 2204 674 2236 duros
903 2205 977 2238 Non
1001 2215 1059 2237 nos
1082 2205 1190 2236 vineat.
1210 2206 1276 2238 suis
1300 2206 1392 2239 bellis

219 2250 439 2283 Poenitentiae
905 2253 967 2285 Seu
992 2252 1140 2293 nequitiis

221 2298 504 2340 condignissima,
903 2301 972 2332 Aut
995 2300 1152 2340 versutiiS,

221 2347 272 2380 Ne
294 2356 353 2379 nos
378 2349 487 2387 turpet
510 2355 628 2379 naevus
905 2349 968 2381 Per
993 2357 1069 2389 quas
1094 2348 1158 2379 suis
1187 2349 1294 2381 tradat,

219 2394 465 2429 Inconstantiae.
906 2396 972 2429 Nos
997 2395 1172 2438 suppliciis.
