1653 2566
805 208 904 238 242.

722 93 982 129 -173—

647 281 691 312 De
711 281 889 314 Innocentio
909 282 995 322 Papa
1013 281 1065 312 III.

223 384 229 390 .
258 356 354 389 Pater
378 362 498 401 sancte,

305 404 407 438 dictus
433 406 615 449 Lotharius,

256 451 337 491 Quia
363 453 447 485 lotus

303 499 455 539 baptismi
484 503 596 545 gratia,

256 546 444 586 Appellaris

304 603 389 627 nunc
412 596 626 636 InnocentiUS,

254 640 378 673 Nomen
401 643 521 675 habens

884 364 914 396 3.
941 362 1079 394 Imitaris

989 408 1090 448 patris
1115 407 1298 446 potentiam,

940 456 1019 496 Quia
1050 455 1134 487 solus

988 506 1099 543 potens
1126 510 1158 532 es
1184 500 1296 544 omnia,

937 551 982 583 Et
1004 549 1103 582 filium

986 606 1045 637 per
1068 595 1266 635 sapientiam,

942 644 1001 683 Qui
1024 643 1204 684 praeminet

304 688 344 720 ab
368 690 560 731 innocentia,
990 690 1217 731 omniscientia,

256 734 417 768 Divinitus
940 739 1072 771 Pietatis

304 784 428 816 vocaris
453 785 575 825 tertius,
987 794 1046 826 per
1069 782 1273 823 affluentiam,

255 829 403 862 Ternarii
941 831 1140 873 Septiformis

304 878 431 918 signant
454 881 618 921 mysteria,
987 879 1151 919 praeditus
1175 877 1288 917 gratia,

254 924 423 956 Trinitatis
942 927 1062 959 Gerens
1086 926 1118 957 in
1145 927 1177 956 te

304 972 388 1011 quod
413 973 457 1004 sis
481 973 629 1005 vicarius.
986 981 1152 1014 personam
1178 971 1314 1003 tertiam.

200 1029 231 1059 2.
259 1028 296 1060 In
323 1029 462 1060 numeris
882 1032 913 1063 4.
943 1032 970 1063 A
994 1031 1124 1070 potente

304 1075 426 1115 primus
449 1077 646 1116 respergitur
986 1080 1061 1117 peto
1079 1074 1286 1115 praesidium,

258 1121 303 1153 Et
329 1123 362 1154 in
387 1121 450 1154 fine
940 1125 986 1157 Ut
1008 1123 1167 1155 infirmum

304 1172 380 1201 nota
404 1169 555 1211 binarius,
986 1170 1091 1203 firmet
1114 1168 1266 1211 potentia,

257 1216 348 1255 Quod
371 1217 505 1249 binatim
939 1219 969 1250 A
992 1217 1151 1258 prudente

305 1273 412 1296 aream
434 1265 613 1305 ingreditur
985 1274 1094 1297 verum
1121 1263 1295 1302 eonsilium,

258 1311 387 1343 Animal
939 1313 1101 1344 Illuminet

304 1359 424 1390 nullum
448 1360 658 1398 immundius3
984 1368 1035 1391 me
1060 1367 1129 1391 oum
1153 1356 1333 1397 prudentia,

255 1406 338 1437 Prae
362 1407 476 1437 ceteris
936 1408 966 1439 A
994 1407 1129 1446 benigno

304 1451 383 1485 felix
407 1454 576 1494 ternarius,
984 1455 1071 1494 pium
1090 1452 1275 1491 remedium,

254 1500 326 1532 Hoc
348 1500 472 1540 impare
937 1502 1106 1542 indulgeat

301 1547 387 1579 Deus
413 1548 611 1591 exprimitur,
985 1547 1204 1580 misericordia

252 1594 316 1627 Hie
347 1604 495 1627 numerus
939 1597 1063 1637 Gordis,
1090 1595 1163 1634 oris,

300 1642 360 1674 Est
385 1642 445 1674 Dei
476 1643 635 1682 proprius.
983 1644 1088 1684 operis
1113 1642 1233 1675 vitium.

271 1717 340 1745 Cod.
361 1717 523 1745 Londinen.
543 1718 683 1754 Egerton.
704 1716 768 1745 274.
790 1726 865 1746 saecu
889 1716 932 1747 13.
946 1720 981 1747 A.
1003 1733 1040 1738 —-
1062 1717 1144 1745 Cant.
1165 1726 1217 1745 ms.
1232 1717 1311 1744 Petri
1330 1715 1365 1742 de
1378 1713 1502 1741 Medicis

195 1761 272 1782 saec.
294 1752 337 1782 13.
370 1755 438 1783 Cod.
458 1756 648 1783 Laurentian.
671 1756 714 1783 Pl.
734 1754 780 1784 29.
803 1755 827 1783 1.
848 1757 880 1784 B.
901 1773 938 1777 ——-
964 1758 987 1785 B
1007 1757 1060 1785 hat
1078 1765 1133 1783 nur
1151 1756 1199 1783 die
1219 1757 1294 1782 (ει-5111
1311 1752 1444 1788 Strophe.
1467 1765 1501 1769 —

193 1790 219 1825 2,
236 1792 252 1819 7
266 1793 340 1820 fehlt
353 1795 419 1821 eine
430 1793 526 1830 Silbe3
540 1794 595 1822 lies
607 1793 749 1826 Animale,
765 1795 924 1822 animatum
933 1797 946 1823 ¹?
959 1810 996 1814 —
1010 1796 1034 1823 V
1043 1794 1129 1823 ,¹1‘fass
1136 1803 1163 1821 er
1172 1793 1327 1829 Philippus
1340 1791 1374 1818 de
1386 1790 1501 1818 Grevia.

797 1918 895 1948 243.

614 1990 658 2021 Do
684 1991 790 2022 ottone
807 1991 858 2022 IV.
879 1991 1086 2031 Imperatore.

877 2072 907 2104 2.
935 2071 1026 2113 Otho,
1052 2069 1128 2111 quid
1153 2068 1195 2100 ad
1219 2070 1252 2099 te
1275 2066 1424 2107 pertinet,

982 2119 1067 2158 Quae
1095 2119 1128 2148 te
1152 2115 1238 2155 rapit
1260 2113 1476 2155 praesumptio
1486 2113 1500 2144 ἓ

934 2167 1041 2206 Cessa,
1064 2165 1131 2205 jam
1157 2172 1246 2195 casus
1270 2161 1423 2198 imminet,

981 2214 1053 2246 Jam
1077 2212 1182 2244 vicina
1206 2209 1380 2253 subversio,

934 2261 1020 2301 Quae
1043 2259 1214 2300 reprobum
1240 2257 1437 2297 exterminet,

934 2309 980 2342 Ut
1004 2308 1130 2342 Saulem
1156 2306 1307 2347 eliminet,

984 2356 1090 2390 David
1115 2354 1172 2387 fiet
1194 2353 1345 2388 inunctio.

194 2070 223 2102 1.
250 2069 321 2102 Rex
348 2071 380 2100 et
402 2069 553 2101 sacerdos
577 2068 720 2110 praefuit

299 2116 443 2149 Christus
468 2119 602 2157 utroque
625 2117 742 2158 gladio,

250 2165 397 2204 Regnum
421 2164 455 2195 in
478 2164 549 2205 ipso
573 2164 681 2198 floruit

300 2212 512 2252 Conjunctum
536 2213 728 2253 sacerdotio,

248 2261 338 2294 Utile
365 2260 450 2292 dulci
473 2260 601 2293 miscuit

248 2308 293 2341 Et
317 2307 375 2340 sub
401 2306 504 2348 figura
527 2308 622 2341 latuit

294 2355 399 2396 Hujus
420 2356 590 2396 juncturae
614 2356 704 2390 ratio.
