1653 2564
718 103 975 137 —112—

804 213 900 243 165.

699 277 743 307 Dc
762 275 841 306 Filio
862 275 1000 316 prodigo.

202 355 235 388 1.
259 355 332 387 Non
358 355 461 387 carnis
485 357 534 386 est
557 355 615 387 sed
639 355 771 395 spiritus

306 401 377 433 Hoc
400 409 503 432 meum
527 402 715 440 natalitium,

260 449 323 480 Per
349 456 474 480 carnem
498 450 588 488 prius
613 449 716 480 editus

308 495 473 534 Collapsus
497 505 567 527 sum
589 496 622 527 in
648 496 758 527 vitium

260 542 306 573 Et
330 545 458 582 puteum
483 543 640 582 interitus,

258 589 350 621 Nunc
373 598 468 622 verae
492 590 576 622 vitae
597 589 742 621 redditus

305 637 407 669 Feror
434 637 474 668 ad
499 637 609 669 matriS
634 637 795 679 gremium,

305 683 450 716 Solemne
476 684 555 716 duco
581 684 727 724 gaudium

353 732 423 763 Hoc
446 732 568 771 gratiae
592 732 700 770 natali,

304 779 360 810 Me
383 781 475 818 pater
498 781 591 810 vocat
613 777 713 810 filium

304 826 348 857 Et
373 825 461 857 ducit
484 826 525 857 ad
552 825 728 858 convivium

349 874 389 905 ln
414 875 501 904 veste
525 873 669 912 nuptiali.

198 919 304 951 RssDe
328 928 474 953 successu
499 919 625 963 glorior,

257 967 356 999 Solito
380 967 520 1008 liberior,

303 1014 429 1046 Solutus
455 1023 474 1045 a
497 1014 616 1046 tributo

256 1060 360 1093 Levor
385 1063 416 1093 et
441 1062 583 1093 excutior

302 1108 333 1140 A
354 1108 454 1148 paleis
481 1111 513 1140 et
533 1109 610 1140 luto.

198 1167 228 1197 2.
256 1164 301 1196 Ut
324 1165 450 1204 penitus
474 1173 525 1196 mc
550 1165 687 1204 comperi

304 1212 418 1243 Mortis
444 1212 586 1243 hausisse
608 1213 752 1250 poculum

254 1258 406 1291 Misertus
430 1261 522 1298 pater
545 1259 653 1290 miseri

302 1305 403 1338 Solvit
426 1307 549 1345 peccati
571 1306 729 1337 vinculum

252 1352 414 1385 Mundans
437 1362 456 1384 a
480 1354 575 1385 sorde
598 1354 700 1385 veteri

253 1400 413 1440 Deditque
438 1400 526 1432 dives
551 1401 684 1440 pauperi

302 1447 421 1479 Stolam
453 1448 586 1487 primam
613 1451 644 1479 et
667 1448 816 1480 annulum

299 1495 335 1527 In
361 1494 437 1527 fidei
460 1495 655 1535 signaculum

346 1542 391 1574 Et
414 1542 538 1574 veniam
562 1545 668 1574 reatus

298 1589 342 1621 Et
365 1589 541 1630 saginatum
565 1590 698 1622 vitulum

299 1636 365 1668 Dat
390 1637 482 1669 dulce
506 1640 598 1676 pater
622 1639 758 1678 epulum,

345 1685 411 1724 Quo
436 1684 508 1716 vivo
533 1688 705 1718 recreatus

197 1743 227 1774 3.
255 1740 333 1773 Cum
356 1741 390 1772 in
413 1740 533 1772 honoro
557 1740 690 1784 fueram,

253 1787 326 1819 Non
350 1787 579 1825 intellexeram,

302 1835 388 1874 Quae
412 1835 496 1867 vitae
520 1834 604 1867 foret
628 1835 719 1878 ratio,

300 1882 364 1915 Sed
389 1885 456 1915 a'l'o:

298 1931 330 1962 A
354 1933 447 1970 patre
473 1930 565 1961 detur
588 1928 666 1970 filio,

299 1978 385 2017 Quae
409 1986 459 2008 me
484 1977 647 2017 contingit,
673 1977 798 2017 portio;

252 2026 350 2064 Quam
373 2026 538 2064 postquam
565 2024 772 2065 obtinueram,

250 2072 380 2109 Mentis,
407 2080 499 2110 quam
523 2071 613 2104 dedit
635 2072 777 2115 liberam,

299 2118 426 2150 Abusus
451 2127 519 2149 sum
544 2118 688 2159 arbitrio,

298 2165 355 2197 Me
379 2168 501 2203 turpem
527 2165 612 2196 omni
636 2166 713 2197 vitio

253 2212 441 2251 Expositum
468 2214 500 2242 et
525 2211 665 2243 deditum

299 2259 486 2298 Longinqua
511 2259 596 2298 cepit
619 2258 715 2298 regio.

879 356 912 387 4.
939 354 1035 393 Quam
1065 354 1154 393 prius
1182 354 1396 386 demerueram

937 401 1072 440 Agendo
1095 409 1275 441 perperam,

985 449 1039 480 Ad
1065 448 1188 479 veniam
1210 447 1352 489 devenio,

985 495 1078 527 Nunc
1102 496 1204 527 sentio

984 543 1160 583 Regressus
1185 543 1224 574 ab
1252 542 1372 585 exsilio,

985 590 1071 628 Quae
1094 590 1180 628 patri
1202 589 1381 629 miserati03

939 637 1013 669 Plus
1037 637 1155 677 reddit,
1182 646 1274 677 quam
1299 638 1474 674 amiseram,

935 685 998 717 Sed
1024 693 1082 724 per
1107 685 1225 716 excelsi
1252 684 1414 716 dexteram

983 732 1074 763 Haec
1097 730 1184 764 facta
1209 734 1257 763 est
1280 732 1423 768 mutatio,

984 779 1079 819 Cujus
1104 782 1153 810 est,
1176 780 1328 820 operatio,

937 826 1026 864 Quod
1059 825 1193 858 humiles
1217 834 1255 858 ac
1281 826 1402 858 debiles

980 874 1020 906 In
1044 881 1152 913 regum
1176 874 1261 905 locat
1281 874 1369 905 solio.

877 920 920 952 ΗΟ
931 921 982 953 De
1006 928 1153 952 successu
1177 920 1304 961 glorior,

935 968 1034 1000 Solito
1060 967 1201 1010 liberior,

982 1014 1109 1046 Solutus
1134 1024 1154 1046 a
1177 1015 1298 1047 tributo

934 1061 1039 1093 Levor
1064 1064 1096 1092 et
1120 1063 1262 1093 excutior

980 1110 1010 1140 A
1035 1109 1136 1149 paleis
1162 1112 1193 1141 et
1216 1110 1295 1140 luto.

875 1169 905 1199 5,
932 1166 1000 1197 Ara
1023 1173 1190 1205 porcorum
1215 1164 1337 1197 foetida

983 1212 1117 1253 Gregem
1141 1212 1335 1244 immundum
1359 1211 1444 1251 pavi,

933 1260 1032 1291 Fame
1057 1261 1236 1299 compulsus
1260 1259 1374 1291 rabida

980 1307 1036 1339 Me
1060 1306 1182 1346 siliquis
1207 1306 1319 1349 cibavi,

932 1354 1002 1385 Neo
1023 1355 1127 1385 minus
1151 1355 1264 1397 esurio,

933 1401 1015 1434 Dum
1041 1410 1110 1433 cum
1134 1402 1240 1441 porcis
1266 1402 1355 1440 capio

979 1449 1108 1481 Pastum
1132 1448 1306 1488 leguminis,

979 1496 1040 1527 Sed
1065 1503 1116 1527 me
1139 1495 1308 1535 porriginis

1024 1543 1157 1576 Ulcerat
1180 1542 1336 1576 transitio,

931 1590 1024 1621 Nunc
1049 1592 1161 1622 cuncta
1185 1592 1271 1620 secat
1295 1590 1403 1622 valida

930 1637 1053 1669 Dextra
1076 1637 1231 1669 medentis
1257 1637 1374 1678 vivida,

979 1685 1037 1718 Cui
1060 1692 1111 1716 me
1134 1684 1310 1724 subjugavi.

874 1744 905 1776 6.
931 1742 1066 1774 Audivit
1089 1739 1190 1772 frater
1215 1741 1355 1773 aemulus

979 1788 1204 1829 Symphoniam
1230 1791 1262 1820 et
1286 1789 1425 1828 chorum,

933 1836 1027 1876 CuJ'us
1053 1838 1102 1868 est,
1124 1845 1258 1876 nequam
1283 1837 1391 1868 oculus

979 1883 1029 1915 De
1053 1883 1157 1924 gratia
1178 1884 1339 1923 donorum,

933 1931 1038 1971 Aegre
1061 1929 1135 1972 fert,
1162 1930 1247 1970 quod
1272 1932 1394 1963 veniam

931 1979 984 2010 Ad
1008 1978 1259 2010 misericordiam

980 2025 1118 2066 Superni
1141 2026 1288 2068 numinis,

980 2074 1068 2113 Quod
1094 2073 1143 2104 sui
1167 2072 1295 2105 seminis

931 2120 1069 2152 Fructus
1091 2129 1150 2151 usu
1176 2120 1309 2160 capiam,

932 2167 970 2198 In
992 2168 1045 2206 jus
1070 2167 1298 2199 hereditarium

932 2213 1084 2253 Resignat
1108 2217 1200 2253 pater
1223 2214 1322 2246 filium

983 2261 1017 2292 ln
1042 2260 1119 2293 sede
1143 2261 1315 2293 beatorum.

272 2330 340 2359 Cod.
364 2332 527 2360 Londinen.
550 2331 623 2359 Add.
646 2330 750 2359 15722.
770 2331 870 2363 (Liber
890 2333 1033 2365 cistercii)
1065 2342 1140 2363 saec.
1162 2332 1236 2362 12l18.
1263 2349 1300 2352 —
1326 2332 1353 2367 4,
1378 2333 1411 2361 12
1432 2344 1494 2371 reg-

194 2378 264 2397 num
285 2370 339 2396 Hs.
358 2386 394 2390 -—
415 2370 472 2397 Die
491 2369 636 2405 Strophen
654 2369 800 2397 weehseln
817 2371 893 2397 nach
911 2370 967 2397 Art
985 2373 1065 2399 einer
1084 2371 1224 2407 Sequenz.
