1653 2564
755 94 993 128 -34-

640 190 672 221 3.
698 187 795 219 Absit
816 188 979 220 sicmatica

697 234 761 265 Per
787 235 1011 267 diaschismata

697 281 832 313 Varians
857 290 976 321 organa

743 328 921 368 Canfflena,

696 374 760 406 Sed
787 375 946 407 diatonica

693 421 865 461 Temperat
888 423 1036 454 neumata

694 468 765 500 Vox
791 469 998 500 consonantia

741 515 868 547 Morum
892 515 996 554 plena.

628 563 672 594 Ro
698 561 832 594 Sanctus
859 564 1049 602 sanctorum,

694 608 793 642 Festa
815 608 979 650 festorum,

741 656 939 695 Resurrexst,

695 704 791 737 Plebs
819 703 924 736 fidelis
945 703 1063 743 jubilet

740 750 886 783 Gaudeat
911 750 1055 785 ecclesia.

295 816 364 843 Cod.
386 815 523 844 Cantabri
514 823 590 851 igen.
611 815 655 843 Ff.
680 816 696 843 1
723 812 766 842 17.
799 822 869 843 §.aec
892 812 935 843 13.
957 830 992 834 -—
1024 813 1086 849 1,1
1107 816 1177 844 Lies
1197 816 1376 844 thematica?
1401 831 1439 836 --
1470 816 1527 843 Die

220 856 323 881 zweite
339 853 425 888 Sti-op
427 853 464 880 he
479 853 573 881 bleibt
585 852 831 896 unverst'eindlich,
853 853 982 880 obschon
1002 861 1070 880 man
1089 855 1130 881 im
1149 853 1342 888 allgemeinen
1356 855 1441 884 errat
1462 854 1525 881 dass

219 900 280 918 vcu
302 889 417 926 ὑπάτη,
439 891 518 927 μέση
539 890 598 918 und
618 886 692 926 νήτη
716 890 763 917 die
781 873 862 919 Re'de
880 892 928 918 ist.
953 905 990 909 —
1016 888 1041 924 2,
1064 890 1081 917 ’7
1100 892 1141 918 ist
1162 892 1314 919 vielleicht
1333 892 1399 919 Vox
1417 894 1526 928 pangat

222 929 357 957 melodon
370 938 407 956 zu
416 929 506 956 lesen.
516 942 554 947 —
568 926 627 963 3,1
641 929 696 956 lies
711 928 856 956 entweder
869 929 1025 964 sigmatica
1036 927 1104 963 (von
1115 925 1235 965 σιγμός)
1249 930 1318 957 oder
1330 930 1524 957 schismatica.

841 1021 908 1051 35.

226 1082 258 1114 1.
283 1079 410 1112 Novum
432 1078 495 1110 sibi
519 1079 622 1111 texuit
903 1081 935 1112 2.
962 1080 1054 1111 Prius
1078 1082 1166 1112 tactu
1190 1079 1335 1113 fimbriae

327 1126 480 1158 Dominus
505 1125 656 1169 lumbare,
1006 1126 1172 1159 Menstrua
1198 1131 1334 1166 curatur,

282 1173 409 1213 Volens,
440 1174 523 1212 quod
548 1173 749 1213 computruit,
961 1173 1043 1206 Jairi
1067 1183 1158 1213 quam
1184 1173 1270 1206 filiae

327 1221 366 1252 In
393 1222 454 1253 hoc
479 1229 702 1261 compensare3
1009 1220 1134 1253 Sanitas
1159 1222 1324 1260 reddatur,

328 1267 462 1307 SteriliS‚
487 1267 617 1307 laetare,
1006 1268 1070 1299 Per
1098 1277 1187 1301 acum
1212 1269 1350 1301 intratur

280 1315 362 1346 Nam
387 1317 435 1347 tot
460 1314 584 1346 Christo
608 1315 725 1355 paries,
963 1315 1106 1347 Camelus
1130 1316 1304 1357 gentilium,

326 1361 372 1394 Ut
395 1362 551 1395 Judaeum
577 1362 786 1402 supplantare
1009 1361 1078 1393 Nec
1101 1363 1212 1395 Helias
1236 1367 1426 1403 aspernatur

281 1408 367 1440 Tuus
394 1408 495 1449 possit
518 1408 635 1448 paries,
962 1408 1090 1442 Viduae
1115 1411 1284 1450 tugurium.

610 1467 642 1499 3.
666 1466 754 1498 Esau
779 1465 936 1505 repudiat,

710 1512 810 1544 Jacob
837 1511 980 1546 Christus
1005 1512 1104 1551 gratis

666 1561 768 1592 Vocat
792 1562 824 1591 et
846 1558 952 1591 initiat

710 1606 793 1638 Fide
816 1605 978 1646 trinitatis,

713 1653 809 1692 Cujus
835 1653 998 1692 dignitatis

668 1700 797 1740 Signum
828 1699 916 1732 dedit
940 1700 1084 1740 gentibus

715 1747 814 1780 Jacob
844 1747 927 1779 natis
952 1748 1135 1780 cancellatis

663 1795 860 1827 Benedicens
884 1795 1038 1829 manibus

300 1859 382 1886 Cant.
402 1867 456 1885 ms.
475 1858 556 1886 Petri
576 1859 611 1886 de
633 1859 757 1887 Medicis
777 1868 852 1887 saec.
876 1856 919 1886 13.
959 1860 1028 1888 cod.
1049 1860 1239 1889 Laurentian.
1258 1862 1304 1889 Pl.
1324 1859 1369 1889 29.
1392 1861 1417 1890 1.
1437 1862 1471 1890 Α.
1500 1879 1524 1882 --

222 1898 360 1933 Sequent.
389 1905 441 1924 ms.
471 1897 712 1925 Praedicatorum
745 1906 819 1925 saec.
852 1894 895 1925 13.
941 1898 1011 1926 Cod.
1042 1898 1121 1934 Sang
1122 1898 1207 1926 allen.
1237 1897 1302 1927 383
1331 1900 1364 1927 B.
1397 1917 1433 1921 ——
1459 1900 1528 1929 Cod.

224 1934 386 1970 Guelfenby
388 1937 478 1962 tei-an.
498 1935 710 1963 Helmstadien.
736 1933 800 1963 628.
826 1943 902 1963 saec.
931 1934 974 1964 13.
996 1936 1027 1963 Ο.
1051 1951 1088 1955 —
1102 1908 1148 1971 g‚2
1174 1935 1190 1964 6
1213 1937 1338 1965 Camelis
1358 1938 1392 1966 A.
1412 1954 1450 1960 -
1471 1938 1526 1966 Cfr.

221 1973 386 2001 Milohsaok
405 1970 471 2000 201.

837 2058 904 2088 36.

224 2117 256 2149 1.
280 2115 434 2155 Relegata
463 2117 623 2147 vetustate
906 2119 939 2150 2.
963 2117 1034 2149 Nec
1056 2120 1090 2149 te
1114 2119 1226 2150 credas
1247 2120 1405 2160 renovari,

329 2164 429 2195 Vetus
453 2162 546 2193 homo
570 2165 752 2202 renovetur,
964 2164 1037 2196 Nisi
1059 2166 1150 2204 prius
1172 2167 1342 2207 expurgari

278 2209 325 2241 Ut
348 2210 381 2241 in
405 2211 516 2241 sancta
538 2208 680 2240 novitate
1010 2211 1151 2243 Mentem
1174 2213 1254 2244 velis
1278 2224 1299 2249 a
1322 2213 1487 2257 fermento,

329 2256 478 2288 Sanctum
503 2255 623 2295 pascha
648 2254 836 2298 celebretur,
963 2258 1043 2298 Quia
1064 2268 1160 2294 verus

279 2303 325 2334 Et
350 2303 385 2334 in
408 2302 500 2334 malis
526 2300 721 2336 deformatus
1009 2306 1120 2346 Agnus
1144 2315 1213 2338 sum
1235 2309 1392 2338 momento

283 2349 408 2382 Christo
432 2350 550 2389 psallat
573 2347 772 2388 reformatus,
963 2353 1025 2384 Pro
1050 2356 1082 2383 te
1105 2362 1217 2392 passus

316 2397 364 2430 Ut
387 2396 491 2429 eidem
515 2394 737 2429 conformetur.
1010 2399 1183 2433 Im1nolari.
