1653 2564
736 95 969 132 —23—

598 194 630 227 3.
655 193 754 225 Vobis
777 192 889 233 loquor
914 193 1105 235 pastoribus,

655 240 766 280 Vobis,
791 241 846 280 qui
870 241 975 273 claves
1000 242 1121 280 geritis,

657 288 764 327 Vobi5‚
791 288 844 327 qui
867 288 953 319 vitae
975 288 1101 320 luxibus

657 334 769 366 claves
795 334 914 367 Christi
938 335 1079 374 rejicitis,

656 382 722 413 Vos
745 380 813 420 lupi
836 380 913 413 facti
938 382 1095 424 gregibus,

655 427 803 460 Membra
827 428 944 460 Christi
970 428 1124 469 configitis

654 475 699 507 Et
723 474 888 508 abutentes
913 475 1054 508 clavibus

659 522 771 555 claves
795 523 828 553 in
854 522 959 554 clavos
985 523 1119 555 vertitis.

281 586 364 614 Cant.
385 595 437 614 ms.
457 587 539 615 Petri
557 587 593 614 de
611 587 735 615 Medicis
755 595 830 615 saec.
852 584 895 614 13.
917 587 986 615 Cod.
1007 585 1194 615 Laurentian.
1215 587 1258 615 Pl.
1279 586 1325 615 29.
1347 585 1371 616 1.

820 700 884 730 1¹⁷.

642 763 722 794 Laus
742 764 773 793 in
791 764 880 794 Festo
899 764 1074 794 Palmarum.

206 833 236 866 1.
262 832 359 873 Ecce,
385 840 443 864 rex
466 832 699 874 desiderabilis,
885 834 917 865 4.
944 833 969 865 O
995 833 1095 871 qualis
1120 832 1198 863 haec
1221 833 1363 874 mutatio,

265 878 377 912 Gloria
400 880 503 919 patris
528 879 685 919 altissimi,
943 879 1026 911 Dum
1052 879 1153 911 crucis
1177 880 1210 911 in
1235 880 1378 918 patibulo

262 926 381 958 Faetus
405 926 497 958 homo
522 926 657 958 visibilis
942 927 1061 958 Missus
1086 936 1105 958 a
1129 927 1219 966 regni
1240 927 1319 958 solio

263 974 303 1006 In
327 974 416 1006 asino
437 974 525 1005 venit
548 973 686 1005 humilis.
942 973 1059 1004 Mundi
1081 972 1120 1005 fit
1142 973 1287 1012 abjectio.

206 1031 237 1064 2.
264 1030 289 1062 O
314 1032 349 1061 tu
371 1029 447 1063 Sion
471 1029 548 1068 filia,
888 1030 917 1061 5.
946 1029 970 1061 Ο
996 1038 1088 1068 quam
1113 1029 1271 1068 stupenda
1292 1030 1405 1069 pietas,

263 1077 321 1109 Pia
345 1077 451 1116 pande
476 1076 647 1115 desideria,
945 1077 983 1113 Ο,
1003 1085 1095 1115 quam
1124 1074 1249 1108 fervens
1274 1076 1353 1108 haee
1379 1076 1505 1116 caritas,

263 1123 401 1157 Exsulta
425 1123 502 1154 satis
528 1125 561 1154 et
580 1122 693 1162 ¹iubila,
945 1123 1007 1155 Per
1032 1131 1123 1162 quam
1148 1123 1216 1163 tibi,
1244 1131 1261 1154 ο
1286 1123 1423 1163 trinitas,

262 1171 310 1202 Te
332 1178 407 1203 vere
432 1170 546 1202 decent
569 1169 694 1210 gaudia.
945 1170 1048 1202 Tanta
1071 1171 1178 1209 placet
1200 1170 1370 1202 humilitas.

206 1230 237 1261 3.
262 1227 314 1260 Ab
339 1226 558 1259 Hebraeorum
582 1226 700 1268 populo
888 1227 919 1258 6.
946 1226 970 1258 O
997 1226 1097 1265 qualis
1123 1234 1165 1266 es,
1192 1228 1227 1257 tu
1251 1226 1347 1266 asine,

263 1275 411 1309 Jueunda
434 1272 472 1305 fit
493 1274 664 1313 processio,
945 1273 1004 1311 Qui
1028 1281 1134 1313 regem
1158 1276 1267 1312 portas
1293 1274 1412 1313 gloriae

264 1321 442 1353 Clamatur:
470 1321 506 1352 in
528 1321 681 1352 altissimo
945 1319 1055 1352 Carnis
1079 1322 1197 1351 tectum
1221 1320 1385 1359 velamine,

264 1368 416 1401 Hosanna
439 1367 545 1400 David
570 1366 647 1399 filio.
946 1367 1043 1405 Quem
1069 1367 1148 1398 coeli
1174 1368 1280 1398 colunt
1305 1367 1420 1401 curiae.

603 1425 633 1458 7.
661 1424 685 1455 O
712 1423 895 1462 angelorum
920 1423 1031 1463 gloria,

659 1470 732 1502 Tibi
756 1473 848 1509 grata
872 1470 915 1502 sit
938 1471 1017 1502 haec
1041 1469 1172 1510 familia,

658 1518 689 1549 A
714 1526 774 1557 qua
798 1517 858 1549 tibi
882 1526 940 1556 pro
965 1526 1041 1549 raca

659 1564 762 1596 Datur
785 1564 856 1596 laus
881 1567 914 1595 et.
936 1565 1049 1605 gloria.

280 1631 368 1660 Grati.
389 1639 442 1658 ms.
455 1631 629 1658 Poreetense
648 1638 722 1657 saec.
743 1626 816 1657 1²l13.
839 1629 907 1657 Ood.
923 1630 1138 1657 Darmstaclien.
1159 1627 1223 1657 931.
1242 1630 1306 1657 add.
1321 1638 1397 1658 saee-
1414 1628 1457 1657 14.
1476 1645 1507 1650 -—

205 1668 228 1704 1,
253 1668 267 1697 1
288 1678 339 1697 rex
358 1672 425 1697 tuus
448 1668 660 1696 desiderabilis.
681 1684 718 1687 —
739 1667 765 1701 7,
785 1665 803 1694 3
822 1677 873 1703 pro
895 1668 992 1695 racha.

844 1779 909 1810 18.

749 1845 784 1875 In
803 1846 973 1875 Parasceve.

375 1918 440 1950 Fas
464 1915 543 1956 legis
567 1916 703 1957 priscae,
729 1915 830 1955 typici
854 1918 889 1947 tu
914 1916 1042 1948 victima
1065 1916 1216 1956 Paschae,

378 1963 438 2003 Qui
461 1972 525 1995 non
551 1963 684 2005 solvisti,
711 1962 768 1995 sed
791 1962 897 1994 Adam
920 1971 1019 1995 novus
1045 1971 1136 1994 omne
1159 1963 1293 2002 novasti,

377 2010 486 2050 Teque
511 2011 733 2050 quaternorum
758 2009 812 2048 qui
836 2009 979 2049 symbolo
1006 2010 1230 2049 discipulorum

425 2057 584 2090 Ablueras
607 2058 729 2088 mentes
751 2056 847 2088 sorde
871 2056 1026 2096 simulque
1049 2057 1158 2096 pedes.

377 2105 462 2139 Vere
486 2107 521 2136 tu
544 2106 638 2144 potus
663 2103 876 2144 hyperousion
900 2103 971 2143 ipse
995 2103 1117 2136 cibatus

375 2152 565 2186 Emmanuel
590 2152 655 2184 vite
678 2151 770 2183 nobis
795 2150 973 2183 sitientibus
998 2151 1093 2192 vitae,

376 2200 459 2233 Mite
483 2199 623 2232 salutare
646 2199 765 2241 mundi,
792 2207 876 2231 mors
901 2200 1012 2231 mortis
1037 2208 1173 2239 amarae,

376 2247 450 2281 Non
474 2248 567 2279 homo
592 2245 648 2279 secl
673 2245 800 2287 vermis,
827 2246 924 2278 eremi
947 2247 1158 2287 suspendulus
1182 2247 1303 2288 anguis,

379 2296 438 2337 Qui
461 2295 496 2327 in
521 2303 615 2326 eruce
638 2293 785 2326 solvebas
807 2294 956 2335 moriens,
981 2303 1063 2335 quae
1085 2304 1150 2328 non
1171 2294 1330 2335 rapiebas.

280 2364 368 2398 Trop.
389 2370 443 2390 ms.
464 2368 538 2389 saec.
562 2357 606 2388 13.
628 2358 696 2388 Cocl.
717 2359 920 2394 Stuttgartien.
940 2360 995 2388 ΗΒ
1015 2360 1030 2387 Ι
1049 2360 1116 2388 Asc.
1137 2358 1182 2387 95.
