1653 2564
753 113 983 147 -66-

640 208 671 241 ’7.
696 206 881 245 Exoremus,
908 207 996 248 socii,

693 252 740 286 Ut
765 253 897 292 expulsa
920 252 991 285 vitii

740 299 843 331 sorde
866 299 957 331 nobis
981 299 1088 340 passio

696 345 804 379 Sancti
827 346 974 386 Dionysii

697 394 735 426 In
759 393 852 432 hujUs
878 393 982 425 exsilii

741 439 912 472 Succurrat
936 440 1042 474 exitio.

298 504 365 532 eod.
387 505 512 532 Parisin.
532 504 580 539 (ol.
602 503 836 539 Sandionysian).
859 502 965 532 15131.
986 512 1061 531 saec.
1087 502 1131 531 13.

226 665 255 697 1.
281 664 375 704 Ecce,
401 663 516 696 festum
542 665 658 705 egregii
902 667 934 699 4.
960 664 1023 697 Hic
1047 663 1184 696 afflictus
1205 666 1337 704 propter
1362 664 1462 696 Deum

281 712 435 751 Martyris
459 711 615 750 Dionysii,
960 713 1131 750 catastam,
1156 712 1273 743 lectum
1297 710 1435 743 ferreum

283 759 348 797 Quo
373 758 412 789 ab
439 757 530 797 huJ'us
557 759 659 790 exsilii
961 759 1029 791 Nec
1053 768 1116 790 non
1142 759 1299 791 clibanum
1322 759 1445 798 igneum

329 805 462 837 Miseria
1004 806 1054 837 Ae
1078 806 1181 837 ‘crucia

328 851 481 893 Migravit
505 861 574 883 cum
599 853 742 886 victoria.
1008 853 1135 884 Devicit
1159 852 1316 885 animalia.

224 899 267 931 ΒΡ
285 898 393 931 Gallia
418 907 486 931 cum
510 899 633 931 laetitia
902 900 946 931 ΒΡ
964 900 1071 932 Gallia
1097 908 1165 931 cum
1190 899 1313 932 laetitia

280 946 409 977 Eximia
958 947 1086 979 Eximia

277 988 357 1024 Ἀνὰ
380 994 499 1032 pangat
522 993 673 1032 Alleluja.
955 990 1035 1025 Ἀνὰ
1058 996 1178 1033 pangat
1201 993 1350 1033 Alleluja.

226 1051 256 1081 2.
286 1049 402 1081 Beatus
435 1049 539 1081 dictus
560 1048 706 1089 pontifex
906 1052 936 1082 5.
963 1052 1042 1083 Post
1071 1050 1230 1082 devictum
1253 1050 1428 1090 patibulum

285 1096 411 1128 Galliae
436 1094 497 1127 fuit
520 1095 639 1137 opifex,
961 1098 1031 1129 Rex
1062 1097 1140 1128 coeli
1164 1107 1254 1129 suum
1279 1095 1428 1129 famulum

284 1143 366 1175 Nam
391 1152 449 1182 per
474 1151 541 1173 eum
567 1144 691 1182 peccati
715 1142 789 1175 faex
965 1144 1198 1176 Transmissum
1220 1145 1254 1176 in
1280 1146 1469 1184 ergastulum

332 1190 409 1222 Cum
441 1190 527 1221 dulia
1010 1190 1075 1222 Sua
1099 1191 1152 1222 dia

332 1237 435 1269 Cessit
462 1239 623 1268 crescente
646 1237 750 1269 latria.
1010 1236 1135 1269 Refecit
1159 1238 1315 1270 alimonia.

229 1295 260 1326 3.
286 1293 389 1333 Signis
414 1292 490 1325 fidei
516 1294 648 1333 cognitis
906 1297 936 1328 6.
963 1294 1090 1334 Martyr
1113 1295 1241 1327 tandem
1265 1295 1434 1334 acephalus

284 1341 428 1380 Nequam
454 1339 608 1379 praefecti
632 1340 758 1372 monitis
966 1342 1066 1374 Prout
1086 1342 1181 1380 jussit
1204 1350 1334 1381 praeses
1359 1343 1458 1373 malus

283 1387 376 1419 Loris
401 1389 522 1419 artatus
547 1386 607 1418 fuit
631 1388 659 1419 is
964 1387 1050 1425 Fuit,
1076 1388 1130 1420 ubi
1154 1392 1266 1429 regnat
1288 1389 1373 1420 salus

329 1434 373 1466 Et
398 1435 461 1466 alia
1008 1435 1053 1466 Et
1076 1436 1176 1475 gloria

331 1482 435 1513 Multa
460 1481 533 1512 tulit
556 1482 722 1521 supplicia.
1010 1482 1169 1521 Receptus
1195 1482 1274 1515 coeli
1299 1482 1397 1514 curia.

609 1539 639 1571 7.
665 1537 797 1570 Devot-is
822 1547 895 1578 ergo
919 1538 1075 1570 mentibus

666 1586 808 1623 Oremus,
833 1588 870 1616 ut
893 1585 1088 1625 supplicibus

667 1632 815 1672 Dionysii
839 1633 986 1671 precibus

713 1679 768 1711 Ad
792 1680 907 1719 gaudia

715 1726 929 1759 Perducamur
958 1726 1114 1759 coelestia.

302 1791 371 1818 Cod.
397 1792 523 1818 Parisin.
549 1789 596 1822 (ol.
621 1790 858 1826 Sandionysian.)
885 1790 990 1820 15131.
1025 1799 1100 1819 saec.
1129 1789 1172 1819 13.
1192 1806 1229 1810 —
1248 1791 1323 1819 Dem
1342 1792 1526 1824 Rundreime,

223 1830 278 1855 mit
303 1829 368 1856 dem
394 1829 445 1856 clas
471 1828 545 1855 Lied
569 1830 602 1855 in
626 1829 676 1856 der
702 1829 755 1857 Hs.
784 1830 920 1864 beginnt‚
951 1829 1021 1865 geht
1046 1831 1110 1856 eine
1139 1829 1376 1857 altfranztisische
1403 1829 1526 1865 Sti-ephe

224 1867 340 1900 voi-her,
362 1875 400 1894 an
418 1867 467 1894 die
487 1868 610 1894 ersterei·
630 1868 686 1894 mit,
703 1867 754 1894 der
774 1867 960 1904 Bemerkung
980 1867 1081 1904 geffigt
1097 1867 1184 1894 wird:
1209 1868 1319 1896 Contra
1336 1869 1370 1894 in
1386 1868 1490 1895 lutino.

227 2027 256 2061 1.
282 2028 508 2068 Francigenae,
535 2028 619 2060 radii
909 2030 938 2061 2.
966 2027 1029 2061 Hic
1055 2028 1203 2060 deserens
1229 2028 1405 2066 Graeciam,

330 2075 457 2107 Morum
481 2076 577 2114 atque
598 2075 692 2113 vitae,
1014 2074 1109 2114 Cujus
1135 2078 1204 2107 erat
1228 2075 1313 2114 aegis

282 2122 423 2154 Dulcore
446 2122 609 2162 praeconii
965 2123 1009 2154 Et
1032 2124 1151 2164 pastor,
1178 2131 1237 2161 per
1260 2122 1394 2162 gratiam

329 2168 460 2200 Festum
484 2168 633 2207 insignite
1011 2169 1206 2207 Angelorum
1229 2168 1313 2208 regis

284 2215 392 2247 Sancti
417 2214 564 2254 Dionysii
965 2215 1111 2247 Accessit
1133 2216 1167 2246 in
1191 2215 1361 2248 Franciam

329 2261 552 2302 Areopagitae,
1014 2261 1091 2293 Cum
1116 2262 1180 2293 suis
1206 2261 1346 2301 collegis,

283 2309 438 2349 Martyris
464 2307 598 2348 egregrii
965 2308 1039 2341 Non
1064 2317 1176 2340 verens
1200 2308 1354 2342 insaniam

328 2356 373 2387 Et
400 2354 676 2387 archimandritae.
1014 2355 1129 2394 Populi
1154 2355 1280 2394 exlegis.
