1653 2564
756 70 1014 104 —180—

239 168 271 199 3.
299 167 419 206 Comes,
445 167 497 204 qui
522 165 623 195 tenuit
919 164 951 193 4,
975 161 1102 192 Morum
1125 160 1291 192 maturitas

343 212 455 244 Mundi
482 210 661 247 dominium,
1024 205 1137 237 Comiti
1161 210 1323 245 nupserat,

296 258 355 295 Qui
380 256 477 288 fortes
504 255 633 295 domuit,
975 251 1090 284 Vultus
1115 250 1302 291 simplicitas

343 303 409 336 Piis
433 302 624 341 suffragium,
1025 297 1169 328 Gratiam
1198 297 1358 336 hauserat,

297 349 386 381 Fatis
412 348 566 387 occubuit,
973 344 1081 376 Dandi
1110 343 1265 375 serenitas

342 396 428 434 Ergo
453 395 598 425 solatium
1025 390 1140 422 Sedem
1165 390 1313 431 elegerat,

307 442 400 483 Ussit,
425 450 499 473 nam
525 438 629 472 adfuit
975 438 1015 469 In
1039 445 1076 469 eo
1101 436 1233 477 largitas

340 488 454 519 Fatale
480 486 628 519 taedium.
1024 483 1176 518 Omnibus
1200 486 1358 523 praeerat.

238 534 283 567 R³
299 534 389 567 Mors
414 534 508 566 sortis
532 541 675 573 asperae,
919 532 963 563 R*
986 532 1076 564 Mors
1101 530 1196 563 sortis
1221 539 1363 572 asperae,

297 580 424 613 Cunctis
450 589 558 622 aequa,
980 578 1108 611 Cunctis
1133 586 1244 617 aequa,

342 637 404 659 non
428 628 517 659 novit
541 635 682 666 parcere*
1024 634 1089 658 non
1120 625 1210 657 novit
1232 633 1374 665 parcere.

315 719 396 747 Cant.
418 728 470 747 ms.
489 720 568 747 Petri
589 719 624 747 cle
641 719 767 747 Medicis
788 727 864 747 sace.
887 717 930 748 13.
972 719 1041 747 Cocl.
1059 719 1251 746 Laurentian.
1272 718 1318 746 ΡΙ.
1339 717 1384 746 29.
1408 717 1433 745 1.
1456 719 1488 745 A.
1510 732 1546 737 —

240 757 311 784 eod.
340 758 595 792 Guelfoubyteran.
621 757 834 785 Hclmstadien.
878 756 940 785 628.
977 765 1051 785 saco.
1081 755 1124 785 13.
1158 757 1190 784 Β.
1225 771 1264 776 ——
1296 756 1352 784 Cfr.
1382 756 1546 784 Milchsack

238 793 364 859 175.P—·
380 795 536 860 Dsifisgiied
557 794 674 823 bezieht
692 795 755 822 sich
777 795 830 822 auf
848 794 989 828 Geoffroi,
1011 796 1129 830 Herzog
1148 795 1199 822 der
1219 796 1371 830 Bretagne,
1392 795 1546 831 gestorben

240 841 278 860 zu
322 841 382 860 aris
439 847 445 860 «
479 853 485 859 .

847 990 944 1020 253.

544 1083 580 1114 In
601 1081 724 1114 Obitum
744 1081 878 1120 chrici,
904 1081 1089 1122 Campaniae
1109 1080 1244 1112 Comitis.

243 1182 292 1213 la.
309 1180 416 1213 Omnis
441 1181 474 1212 in
496 1181 645 1213 lacrimas
924 1180 1018 1213 1120
1047 1180 1113 1212 dies
1138 1178 1291 1220 funebris,

297 1227 484 1260 Uberrimas
982 1227 1068 1266 Quae
1092 1227 1233 1259 tenebris

347 1274 494 1306 Solvatur
519 1276 627 1307 oculus
1028 1274 1183 1307 Mundum
1209 1276 1257 1306 sic
1280 1275 1392 1313 induit,

299 1321 511 1361 Fundantque
535 1322 627 1361 paria
982 1321 1075 1354 Orbis
1102 1321 1244 1361 deliciae,

299 1368 444 1408 Suspiria
980 1368 1067 1400 Fons
1093 1370 1215 1409 gratiae

346 1416 456 1448 clerus
482 1418 514 1446 et
537 1415 683 1457 populus,
1029 1416 1139 1447 Totius
1164 1417 1258 1457 aruit,

301 1464 365 1494 Par
389 1462 430 1493 sit
456 1462 557 1502 dolor,
583 1471 642 1502 par
668 1465 716 1493 est
740 1471 843 1504 causa,
981 1462 1146 1503 Largitate
1175 1463 1224 1495 vir
1247 1471 1386 1506 serenus,

299 1508 389 1541 Mors
412 1509 548 1541 licenter
570 1509 663 1541 nimis
690 1518 782 1542 causa
984 1509 1164 1542 Gratiarum
1197 1510 1286 1541 donis
1311 1510 1434 1550 plenus,

344 1555 438 1587 Nube
460 1556 610 1588 tristitiae
1030 1557 1139 1589 Comes
1165 1556 1224 1588 fios
1250 1557 1408 1593 comitum,

392 1603 508 1635 Terras
530 1603 663 1643 operuit,
1075 1603 1146 1635 Nou
1170 1604 1273 1644 impar
1295 1605 1432 1645 regibus,

394 1649 479 1681 Dum
503 1649 594 1681 nobis
619 1650 726 1690 rapuit
1075 1650 1165 1683 Fatis
1191 1652 1371 1684 crudelibus

347 1696 452 1728 Solem
478 1696 678 1736 Campaniae.
1028 1698 1179 1731 Exsolvit
1204 1698 1354 1731 debitum.

241 1783 294 1814 aa.
310 1781 334 1813 O
362 1781 428 1813 dies
451 1780 561 1820 lapide
924 1781 976 1814 ab.
994 1782 1060 1814 Pax
1085 1783 1174 1823 regni
1199 1783 1342 1822 moritur,

346 1827 445 1869 Nigro
469 1827 629 1866 notabilis,
1028 1829 1160 1868 sepulto
1188 1830 1304 1861 comite

346 1875 413 1913 Qua
437 1883 493 1906 suo
516 1873 631 1907 flebilis
1027 1876 1150 1909 Furens
1177 1878 1217 1909 de
1240 1877 1351 1909 fomite

300 1922 450 1955 Privatur
474 1922 623 1961 praeside
979 1924 1134 1956 Rancoris
1160 1925 1260 1956 oritur

394 1969 576 2009 Campania,
1075 1971 1256 2011 Discordia,

391 2016 515 2056 Lugeat
538 2017 672 2049 ecclesia
1073 2018 1270 2050 Proeliorum
1295 2017 1434 2050 Francia

298 2063 403 2094 Vidua
426 2063 595 2105 praesidio,
980 2064 1121 2097 Turbine
1146 2065 1285 2098 civilium

302 2110 411 2142 Clerue
437 2110 623 2149 patrocinio,
980 2111 1052 2143 Suis
1076 2112 1147 2151 ipsa
1170 2112 1310 2152 gladium

344 2156 467 2188 Milites
490 2156 669 2196 stipendiis,
1028 2159 1107 2201 Agit
1130 2159 1164 2190 in
1186 2159 1373 2198 visceribus,

345 2202 507 2241 Pauperes
534 2202 700 2242 suffragiis,
1028 2204 1123 2243 Cujus
1147 2205 1223 2237 totis
1248 2206 1379 2237 urbibus

391 2248 529 2282 Francia
555 2249 694 2280 consilio.
1075 2251 1131 2282 Fit
1153 2260 1303 2290 pressura
1326 2253 1475 2293 gentium.
