<?xml version="1.0" encoding="UTF-8"?>
<!DOCTYPE html PUBLIC "-//W3C//DTD XHTML 1.0 Transitional//EN"
    "http://www.w3.org/TR/xhtml1/DTD/xhtml1-transitional.dtd">
<html xmlns="http://www.w3.org/1999/xhtml" xml:lang="en" lang="en">
 <head>
  <title>
</title>
<meta http-equiv="Content-Type" content="text/html;charset=utf-8" />
  <meta name='ocr-system' content='tesseract 3.04.00' />
  <meta name='ocr-capabilities' content='ocr_page ocr_carea ocr_par ocr_line ocrx_word'/>
</head>
<body>
  <div class='ocr_page' id='page_1' title='image "./analectahymnica21drevuoft_00057.png"; bbox 0 0 1653 2564; ppageno 0'>
   <div class='ocr_carea' id='block_1_1' title="bbox 751 110 985 145">
    <p class='ocr_par' dir='ltr' id='par_1_1' title="bbox 751 110 985 145">
     <span class='ocr_line' id='line_1_1' title="bbox 751 110 985 145; baseline -0.009 -9"><span class='ocrx_word' id='word_1_1' title='bbox 751 110 985 145; x_wconf 73' lang='lat'>-54—</span> 
     </span>
    </p>
   </div>
   <div class='ocr_carea' id='block_1_2' title="bbox 206 292 747 1090">
    <p class='ocr_par' dir='ltr' id='par_1_2' title="bbox 206 292 747 1090">
     <span class='ocr_line' id='line_1_2' title="bbox 214 292 648 335; baseline -0.005 -9"><span class='ocrx_word' id='word_1_2' title='bbox 214 295 243 326; x_wconf 91' lang='lat'>1.</span> <span class='ocrx_word' id='word_1_3' title='bbox 270 294 367 335; x_wconf 77' lang='lat' dir='ltr'>Ecce,</span> <span class='ocrx_word' id='word_1_4' title='bbox 393 292 508 325; x_wconf 83' lang='lat' dir='ltr'>festum</span> <span class='ocrx_word' id='word_1_5' title='bbox 532 293 648 332; x_wconf 87' lang='lat' dir='ltr'>nobile,</span> 
     </span>
     <span class='ocr_line' id='line_1_3' title="bbox 316 338 728 379; baseline -0.005 -7"><span class='ocrx_word' id='word_1_6' title='bbox 316 340 405 379; x_wconf 78' lang='lat' dir='ltr'>Quod</span> <span class='ocrx_word' id='word_1_7' title='bbox 431 340 486 371; x_wconf 90' lang='lat' dir='ltr'>dat</span> <span class='ocrx_word' id='word_1_8' title='bbox 510 340 584 371; x_wconf 85' lang='lat' dir='ltr'>anni</span> <span class='ocrx_word' id='word_1_9' title='bbox 608 338 728 371; x_wconf 85' lang='lat' dir='ltr'>reditus</span> 
     </span>
     <span class='ocr_line' id='line_1_4' title="bbox 270 386 619 426; baseline 0.003 -10"><span class='ocrx_word' id='word_1_10' title='bbox 270 386 391 418; x_wconf 72' lang='lat' dir='ltr'>Mundo</span> <span class='ocrx_word' id='word_1_11' title='bbox 418 386 619 426; x_wconf 81' lang='lat' dir='ltr'>celebrabile,</span> 
     </span>
     <span class='ocr_line' id='line_1_5' title="bbox 316 432 744 472; baseline 0.002 -8"><span class='ocrx_word' id='word_1_12' title='bbox 316 433 353 464; x_wconf 87' lang='lat' dir='ltr'>In</span> <span class='ocrx_word' id='word_1_13' title='bbox 376 441 436 472; x_wconf 84' lang='lat' dir='ltr'>quo</span> <span class='ocrx_word' id='word_1_14' title='bbox 461 435 588 465; x_wconf 83' lang='lat' dir='ltr'>sanctus</span> <span class='ocrx_word' id='word_1_15' title='bbox 613 432 744 472; x_wconf 77' lang='lat' dir='ltr'>spiritus</span> 
     </span>
     <span class='ocr_line' id='line_1_6' title="bbox 362 479 555 511; baseline 0 -1"><span class='ocrx_word' id='word_1_16' title='bbox 362 479 555 511; x_wconf 84' lang='lat' dir='ltr'>Praecordia</span> 
     </span>
     <span class='ocr_line' id='line_1_7' title="bbox 313 525 629 565; baseline 0.003 -9"><span class='ocrx_word' id='word_1_17' title='bbox 313 525 462 565; x_wconf 83' lang='lat' dir='ltr'>chlcvit</span> <span class='ocrx_word' id='word_1_18' title='bbox 486 525 629 558; x_wconf 85' lang='lat' dir='ltr'>fidelium</span> 
     </span>
     <span class='ocr_line' id='line_1_8' title="bbox 361 572 695 612; baseline 0 -8"><span class='ocrx_word' id='word_1_19' title='bbox 361 572 425 604; x_wconf 81' lang='lat' dir='ltr'>Sua</span> <span class='ocrx_word' id='word_1_20' title='bbox 449 574 559 604; x_wconf 85' lang='lat' dir='ltr'>sancta</span> <span class='ocrx_word' id='word_1_21' title='bbox 583 572 695 612; x_wconf 86' lang='lat' dir='ltr'>gratia.</span> 
     </span>
     <span class='ocr_line' id='line_1_9' title="bbox 206 618 417 659; baseline 0 -9"><span class='ocrx_word' id='word_1_22' title='bbox 206 619 240 650; x_wconf 59' lang='lat' dir='ltr'>R*</span> <span class='ocrx_word' id='word_1_23' title='bbox 268 618 417 659; x_wconf 84' lang='lat' dir='ltr'>Alleluja‚</span> 
     </span>
     <span class='ocr_line' id='line_1_10' title="bbox 312 665 689 706; baseline 0 -9"><span class='ocrx_word' id='word_1_24' title='bbox 312 665 393 706; x_wconf 84' lang='lat' dir='ltr'>Regi</span> <span class='ocrx_word' id='word_1_25' title='bbox 419 674 527 705; x_wconf 84' lang='lat' dir='ltr'>regum</span> <span class='ocrx_word' id='word_1_26' title='bbox 553 667 689 697; x_wconf 88' lang='lat' dir='ltr'>omnium</span> 
     </span>
     <span class='ocr_line' id='line_1_11' title="bbox 267 711 587 746; baseline 0.003 -1"><span class='ocrx_word' id='word_1_27' title='bbox 267 711 419 745; x_wconf 84' lang='lat' dir='ltr'>Concinat</span> <span class='ocrx_word' id='word_1_28' title='bbox 444 713 587 746; x_wconf 85' lang='lat' dir='ltr'>ecclesia.</span> 
     </span>
     <span class='ocr_line' id='line_1_12' title="bbox 206 769 576 808; baseline 0 -7"><span class='ocrx_word' id='word_1_29' title='bbox 206 770 236 801; x_wconf 81' lang='lat'>2.</span> <span class='ocrx_word' id='word_1_30' title='bbox 265 769 412 808; x_wconf 83' lang='lat' dir='ltr'>Apostoli</span> <span class='ocrx_word' id='word_1_31' title='bbox 435 769 576 808; x_wconf 78' lang='lat' dir='ltr'>praediti</span> 
     </span>
     <span class='ocr_line' id='line_1_13' title="bbox 310 816 669 856; baseline 0.003 -9"><span class='ocrx_word' id='word_1_32' title='bbox 310 816 455 856; x_wconf 84' lang='lat' dir='ltr'>Repente</span> <span class='ocrx_word' id='word_1_33' title='bbox 481 817 669 848; x_wconf 76' lang='lat' dir='ltr'>charismate</span> 
     </span>
     <span class='ocr_line' id='line_1_14' title="bbox 264 863 577 902; baseline 0.006 -9"><span class='ocrx_word' id='word_1_34' title='bbox 264 863 402 902; x_wconf 85' lang='lat' dir='ltr'>Spiritus</span> <span class='ocrx_word' id='word_1_35' title='bbox 426 863 577 902; x_wconf 80' lang='lat' dir='ltr'>paracliti</span> 
     </span>
     <span class='ocr_line' id='line_1_15' title="bbox 309 910 575 942; baseline -0.004 0"><span class='ocrx_word' id='word_1_36' title='bbox 309 910 400 942; x_wconf 90' lang='lat' dir='ltr'>Omni</span> <span class='ocrx_word' id='word_1_37' title='bbox 424 910 575 942; x_wconf 80' lang='lat' dir='ltr'>idiomate</span> 
     </span>
     <span class='ocr_line' id='line_1_16' title="bbox 354 958 517 996; baseline 0.006 -7"><span class='ocrx_word' id='word_1_38' title='bbox 354 958 517 996; x_wconf 74' lang='lat' dir='ltr'>Magnana</span> 
     </span>
     <span class='ocr_line' id='line_1_17' title="bbox 310 1003 613 1045; baseline 0.003 -10"><span class='ocrx_word' id='word_1_39' title='bbox 310 1003 371 1035; x_wconf 86' lang='lat' dir='ltr'>Dei</span> <span class='ocrx_word' id='word_1_40' title='bbox 392 1005 425 1036; x_wconf 84' lang='lat' dir='ltr'>in</span> <span class='ocrx_word' id='word_1_41' title='bbox 450 1005 613 1045; x_wconf 81' lang='lat' dir='ltr'>gentilium</span> 
     </span>
     <span class='ocr_line' id='line_1_18' title="bbox 358 1051 747 1090; baseline 0 -8"><span class='ocrx_word' id='word_1_42' title='bbox 358 1051 535 1090; x_wconf 73' lang='lat' dir='ltr'>Vulgarum:</span> <span class='ocrx_word' id='word_1_43' title='bbox 558 1051 747 1090; x_wconf 79' lang='lat' dir='ltr'>praesentia.</span> 
     </span>
    </p>
   </div>
   <div class='ocr_carea' id='block_1_3' title="bbox 835 218 899 247">
    <p class='ocr_par' dir='ltr' id='par_1_3' title="bbox 835 218 899 247">
     <span class='ocr_line' id='line_1_19' title="bbox 835 218 899 247; baseline -0.031 0"><span class='ocrx_word' id='word_1_44' title='bbox 835 218 899 247; x_wconf 70' lang='lat'><em>¹¹²5.</em></span> 
     </span>
    </p>
   </div>
   <div class='ocr_carea' id='block_1_4' title="bbox 884 292 1396 1085">
    <p class='ocr_par' dir='ltr' id='par_1_4' title="bbox 884 292 1396 1085">
     <span class='ocr_line' id='line_1_20' title="bbox 891 292 1273 324; baseline -0.005 0"><span class='ocrx_word' id='word_1_45' title='bbox 891 294 922 324; x_wconf 87' lang='lat'>3.</span> <span class='ocrx_word' id='word_1_46' title='bbox 948 292 1064 324; x_wconf 61' lang='lat' dir='ltr'>,Iudaei</span> <span class='ocrx_word' id='word_1_47' title='bbox 1086 294 1123 323; x_wconf 83' lang='lat' dir='ltr'>ut</span> <span class='ocrx_word' id='word_1_48' title='bbox 1146 292 1273 324; x_wconf 87' lang='lat' dir='ltr'>subdoli</span> 
     </span>
     <span class='ocr_line' id='line_1_21' title="bbox 995 337 1351 378; baseline 0.003 -9"><span class='ocrx_word' id='word_1_49' title='bbox 995 337 1187 377; x_wconf 78' lang='lat' dir='ltr'>spernentes</span> <span class='ocrx_word' id='word_1_50' title='bbox 1212 339 1351 378; x_wconf 79' lang='lat' dir='ltr'>oracula,</span> 
     </span>
     <span class='ocr_line' id='line_1_22' title="bbox 947 385 1347 425; baseline -0.003 -9"><span class='ocrx_word' id='word_1_51' title='bbox 947 385 1033 423; x_wconf 76' lang='lat' dir='ltr'>Quae</span> <span class='ocrx_word' id='word_1_52' title='bbox 1058 385 1178 416; x_wconf 85' lang='lat' dir='ltr'>dabant</span> <span class='ocrx_word' id='word_1_53' title='bbox 1201 385 1347 425; x_wconf 81' lang='lat' dir='ltr'>apostoli,</span> 
     </span>
     <span class='ocr_line' id='line_1_23' title="bbox 991 431 1396 471; baseline 0 -8"><span class='ocrx_word' id='word_1_54' title='bbox 991 431 1160 471; x_wconf 79' lang='lat' dir='ltr'>Dixerunt‚</span> <span class='ocrx_word' id='word_1_55' title='bbox 1184 432 1242 463; x_wconf 84' lang='lat' dir='ltr'>hos</span> <span class='ocrx_word' id='word_1_56' title='bbox 1266 431 1396 471; x_wconf 76' lang='lat' dir='ltr'>crapula</span> 
     </span>
     <span class='ocr_line' id='line_1_24' title="bbox 1039 478 1167 510; baseline -0.008 0"><span class='ocrx_word' id='word_1_57' title='bbox 1039 478 1167 510; x_wconf 86' lang='lat' dir='ltr'>Eximia</span> 
     </span>
     <span class='ocr_line' id='line_1_25' title="bbox 994 524 1356 557; baseline 0 -1"><span class='ocrx_word' id='word_1_58' title='bbox 994 524 1067 556; x_wconf 84' lang='lat' dir='ltr'>Vini</span> <span class='ocrx_word' id='word_1_59' title='bbox 1093 525 1356 557; x_wconf 84' lang='lat' dir='ltr'>debacchantium</span> 
     </span>
     <span class='ocr_line' id='line_1_26' title="bbox 1037 572 1336 612; baseline 0.007 -9"><span class='ocrx_word' id='word_1_60' title='bbox 1037 572 1115 604; x_wconf 81' lang='lat' dir='ltr'>Ritu</span> <span class='ocrx_word' id='word_1_61' title='bbox 1137 572 1226 612; x_wconf 86' lang='lat' dir='ltr'>loqui</span> <span class='ocrx_word' id='word_1_62' title='bbox 1247 573 1336 605; x_wconf 83' lang='lat' dir='ltr'>talia.</span> 
     </span>
     <span class='ocr_line' id='line_1_27' title="bbox 885 618 1097 659; baseline 0.014 -10"><span class='ocrx_word' id='word_1_63' title='bbox 885 618 930 649; x_wconf 55' lang='grc' dir='ltr'>ΒΟ</span> <span class='ocrx_word' id='word_1_64' title='bbox 945 618 1097 659; x_wconf 87' lang='lat' dir='ltr'>Alleluja‚</span> 
     </span>
     <span class='ocr_line' id='line_1_28' title="bbox 990 665 1368 706; baseline 0.003 -9"><span class='ocrx_word' id='word_1_65' title='bbox 990 665 1071 705; x_wconf 76' lang='lat' dir='ltr'>Regi</span> <span class='ocrx_word' id='word_1_66' title='bbox 1097 676 1205 706; x_wconf 81' lang='lat' dir='ltr'>regum</span> <span class='ocrx_word' id='word_1_67' title='bbox 1230 667 1368 699; x_wconf 90' lang='lat' dir='ltr'>omnium</span> 
     </span>
     <span class='ocr_line' id='line_1_29' title="bbox 945 713 1267 746; baseline 0 -1"><span class='ocrx_word' id='word_1_68' title='bbox 945 713 1098 745; x_wconf 69' lang='lat' dir='ltr'>concinat</span> <span class='ocrx_word' id='word_1_69' title='bbox 1123 714 1267 746; x_wconf 81' lang='lat' dir='ltr'>ecclesia..</span> 
     </span>
     <span class='ocr_line' id='line_1_30' title="bbox 884 769 1266 803; baseline 0 -2"><span class='ocrx_word' id='word_1_70' title='bbox 884 770 916 801; x_wconf 86' lang='lat'>4.</span> <span class='ocrx_word' id='word_1_71' title='bbox 943 769 1073 801; x_wconf 85' lang='lat' dir='ltr'>Judaeis</span> <span class='ocrx_word' id='word_1_72' title='bbox 1099 769 1266 803; x_wconf 82' lang='lat' dir='ltr'>fallacibus</span> 
     </span>
     <span class='ocr_line' id='line_1_31' title="bbox 990 817 1394 850; baseline -0.005 -1"><span class='ocrx_word' id='word_1_73' title='bbox 990 817 1123 849; x_wconf 82' lang='lat' dir='ltr'>Sanctus</span> <span class='ocrx_word' id='word_1_74' title='bbox 1147 818 1262 849; x_wconf 85' lang='lat' dir='ltr'>Petrus</span> <span class='ocrx_word' id='word_1_75' title='bbox 1287 817 1394 850; x_wconf 82' lang='lat' dir='ltr'>obviat</span> 
     </span>
     <span class='ocr_line' id='line_1_32' title="bbox 943 863 1299 904; baseline 0.003 -10"><span class='ocrx_word' id='word_1_76' title='bbox 943 863 1047 904; x_wconf 82' lang='lat' dir='ltr'>Signis</span> <span class='ocrx_word' id='word_1_77' title='bbox 1073 867 1106 895; x_wconf 84' lang='lat' dir='ltr'>et</span> <span class='ocrx_word' id='word_1_78' title='bbox 1128 865 1299 897; x_wconf 86' lang='lat' dir='ltr'>virtutibus</span> 
     </span>
     <span class='ocr_line' id='line_1_33' title="bbox 988 910 1357 944; baseline 0 -1"><span class='ocrx_word' id='word_1_79' title='bbox 988 910 1033 943; x_wconf 86' lang='lat' dir='ltr'>Et</span> <span class='ocrx_word' id='word_1_80' title='bbox 1055 911 1167 943; x_wconf 89' lang='lat' dir='ltr'>horum</span> <span class='ocrx_word' id='word_1_81' title='bbox 1192 911 1357 944; x_wconf 85' lang='lat' dir='ltr'>denuntiat</span> 
     </span>
     <span class='ocr_line' id='line_1_34' title="bbox 1036 958 1174 998; baseline 0 -8"><span class='ocrx_word' id='word_1_82' title='bbox 1036 958 1174 998; x_wconf 82' lang='lat' dir='ltr'>Eloquia</span> 
     </span>
     <span class='ocr_line' id='line_1_35' title="bbox 988 1006 1321 1038; baseline -0.003 0"><span class='ocrx_word' id='word_1_83' title='bbox 988 1006 1086 1038; x_wconf 79' lang='lat' dir='ltr'>Juxta</span> <span class='ocrx_word' id='word_1_84' title='bbox 1109 1006 1321 1038; x_wconf 83' lang='lat' dir='ltr'>testimonium</span> 
     </span>
     <span class='ocr_line' id='line_1_36' title="bbox 1035 1053 1333 1085; baseline 0.003 -1"><span class='ocrx_word' id='word_1_85' title='bbox 1035 1053 1134 1085; x_wconf 80' lang='lat' dir='ltr'>Joelis</span> <span class='ocrx_word' id='word_1_86' title='bbox 1158 1053 1333 1085; x_wconf 81' lang='lat' dir='ltr'>mendacia.</span> 
     </span>
    </p>
   </div>
   <div class='ocr_carea' id='block_1_5' title="bbox 561 1107 1141 1431">
    <p class='ocr_par' dir='ltr' id='par_1_5' title="bbox 561 1107 1141 1431">
     <span class='ocr_line' id='line_1_37' title="bbox 561 1107 955 1148; baseline -0.003 -8"><span class='ocrx_word' id='word_1_87' title='bbox 561 1109 591 1140; x_wconf 88' lang='lat'>5.</span> <span class='ocrx_word' id='word_1_88' title='bbox 617 1108 833 1147; x_wconf 78' lang='lat' dir='ltr'>Deprecemur</span> <span class='ocrx_word' id='word_1_89' title='bbox 857 1107 955 1148; x_wconf 82' lang='lat' dir='ltr'>igitur</span> 
     </span>
     <span class='ocr_line' id='line_1_38' title="bbox 663 1154 1068 1195; baseline -0.002 -8"><span class='ocrx_word' id='word_1_90' title='bbox 663 1155 776 1187; x_wconf 85' lang='lat' dir='ltr'>Omnes</span> <span class='ocrx_word' id='word_1_91' title='bbox 801 1164 864 1187; x_wconf 83' lang='lat' dir='ltr'>una</span> <span class='ocrx_word' id='word_1_92' title='bbox 887 1154 1068 1195; x_wconf 79' lang='lat' dir='ltr'>Dominum,</span> 
     </span>
     <span class='ocr_line' id='line_1_39' title="bbox 617 1201 1001 1242; baseline 0 -8"><span class='ocrx_word' id='word_1_93' title='bbox 617 1202 673 1234; x_wconf 79' lang='lat' dir='ltr'>Cui</span> <span class='ocrx_word' id='word_1_94' title='bbox 698 1211 827 1242; x_wconf 84' lang='lat' dir='ltr'>regnum</span> <span class='ocrx_word' id='word_1_95' title='bbox 853 1201 1001 1234; x_wconf 86' lang='lat' dir='ltr'>subditur</span> 
     </span>
     <span class='ocr_line' id='line_1_40' title="bbox 662 1248 1141 1293; baseline 0.002 -13"><span class='ocrx_word' id='word_1_96' title='bbox 662 1248 792 1280; x_wconf 83' lang='lat' dir='ltr'>Nullum</span> <span class='ocrx_word' id='word_1_97' title='bbox 817 1249 936 1281; x_wconf 83' lang='lat' dir='ltr'>habens</span> <span class='ocrx_word' id='word_1_98' title='bbox 961 1250 1141 1293; x_wconf 75' lang='lat' dir='ltr'>terminum,</span> 
     </span>
     <span class='ocr_line' id='line_1_41' title="bbox 707 1296 897 1340; baseline 0.005 -13"><span class='ocrx_word' id='word_1_99' title='bbox 707 1296 754 1328; x_wconf 82' lang='lat' dir='ltr'>Ut</span> <span class='ocrx_word' id='word_1_100' title='bbox 778 1296 819 1328; x_wconf 84' lang='lat' dir='ltr'>ad</span> <span class='ocrx_word' id='word_1_101' title='bbox 840 1297 897 1340; x_wconf 78' lang='lat' dir='ltr'>pia</span> 
     </span>
     <span class='ocr_line' id='line_1_42' title="bbox 662 1342 1017 1382; baseline 0.006 -8"><span class='ocrx_word' id='word_1_102' title='bbox 662 1342 877 1382; x_wconf 83' lang='lat' dir='ltr'>Supernorum</span> <span class='ocrx_word' id='word_1_103' title='bbox 903 1344 1017 1376; x_wconf 80' lang='lat' dir='ltr'>civium</span> 
     </span>
     <span class='ocr_line' id='line_1_43' title="bbox 708 1390 1104 1431; baseline 0.01 -10"><span class='ocrx_word' id='word_1_104' title='bbox 708 1390 774 1422; x_wconf 83' lang='lat' dir='ltr'>Nos</span> <span class='ocrx_word' id='word_1_105' title='bbox 799 1391 955 1430; x_wconf 80' lang='lat' dir='ltr'>perducat</span> <span class='ocrx_word' id='word_1_106' title='bbox 980 1391 1104 1431; x_wconf 82' lang='lat' dir='ltr'>gaudia.</span> 
     </span>
    </p>
   </div>
   <div class='ocr_carea' id='block_1_6' title="bbox 276 1462 1104 1499">
    <p class='ocr_par' dir='ltr' id='par_1_6' title="bbox 276 1462 1104 1499">
     <span class='ocr_line' id='line_1_44' title="bbox 276 1462 1104 1499; baseline 0.002 -8"><span class='ocrx_word' id='word_1_107' title='bbox 276 1462 345 1491; x_wconf 68' lang='lat' dir='ltr'>cod.</span> <span class='ocrx_word' id='word_1_108' title='bbox 368 1463 491 1490; x_wconf 80' lang='lat' dir='ltr'>Parisin.</span> <span class='ocrx_word' id='word_1_109' title='bbox 511 1462 559 1499; x_wconf 92' lang='lat' dir='ltr'>(ol.</span> <span class='ocrx_word' id='word_1_110' title='bbox 580 1462 816 1499; x_wconf 70' lang='lat' dir='ltr'>Sandionysian.)</span> <span class='ocrx_word' id='word_1_111' title='bbox 838 1462 943 1493; x_wconf 76' lang='lat'>15313.</span> <span class='ocrx_word' id='word_1_112' title='bbox 964 1474 1039 1494; x_wconf 79' lang='lat' dir='ltr'>saec.</span> <span class='ocrx_word' id='word_1_113' title='bbox 1062 1464 1104 1493; x_wconf 89' lang='lat'>13.</span> 
     </span>
    </p>
   </div>
   <div class='ocr_carea' id='block_1_7' title="bbox 819 1587 883 1617">
    <p class='ocr_par' dir='ltr' id='par_1_7' title="bbox 819 1587 883 1617">
     <span class='ocr_line' id='line_1_45' title="bbox 819 1587 883 1617; baseline 0 -1"><span class='ocrx_word' id='word_1_114' title='bbox 819 1587 883 1617; x_wconf 61' lang='grc'>’[6-</span> 
     </span>
    </p>
   </div>
   <div class='ocr_carea' id='block_1_8' title="bbox 193 1661 585 1937">
    <p class='ocr_par' dir='ltr' id='par_1_8' title="bbox 199 1661 562 1787">
     <span class='ocr_line' id='line_1_46' title="bbox 199 1661 498 1702; baseline -0.003 -9"><span class='ocrx_word' id='word_1_115' title='bbox 199 1661 230 1693; x_wconf 88' lang='grc'>1.</span> <span class='ocrx_word' id='word_1_116' title='bbox 254 1661 341 1693; x_wconf 81' lang='lat' dir='ltr'>Ecce</span> <span class='ocrx_word' id='word_1_117' title='bbox 368 1661 498 1702; x_wconf 79' lang='lat' dir='ltr'>orgium,</span> 
     </span>
     <span class='ocr_line' id='line_1_47' title="bbox 254 1709 562 1747; baseline 0.003 -8"><span class='ocrx_word' id='word_1_118' title='bbox 254 1709 320 1747; x_wconf 75' lang='lat' dir='ltr'>Quo</span> <span class='ocrx_word' id='word_1_119' title='bbox 345 1717 401 1740; x_wconf 85' lang='lat' dir='ltr'>rex</span> <span class='ocrx_word' id='word_1_120' title='bbox 425 1709 562 1740; x_wconf 89' lang='lat' dir='ltr'>omnium</span> 
     </span>
     <span class='ocr_line' id='line_1_48' title="bbox 255 1754 524 1787; baseline 0 0"><span class='ocrx_word' id='word_1_121' title='bbox 255 1755 359 1787; x_wconf 88' lang='lat' dir='ltr'>Corda</span> <span class='ocrx_word' id='word_1_122' title='bbox 382 1754 524 1787; x_wconf 88' lang='lat' dir='ltr'>fidelium</span> 
     </span>
    </p>

    <p class='ocr_par' dir='ltr' id='par_1_9' title="bbox 299 1801 585 1842">
     <span class='ocr_line' id='line_1_49' title="bbox 299 1801 585 1842; baseline 0.003 -9"><span class='ocrx_word' id='word_1_123' title='bbox 299 1801 450 1842; x_wconf 82' lang='lat' dir='ltr'>Replevit</span> <span class='ocrx_word' id='word_1_124' title='bbox 473 1803 585 1842; x_wconf 85' lang='lat' dir='ltr'>gratia,</span> 
     </span>
    </p>

    <p class='ocr_par' dir='ltr' id='par_1_10' title="bbox 193 1849 520 1882">
     <span class='ocr_line' id='line_1_50' title="bbox 193 1849 520 1882; baseline 0 0"><span class='ocrx_word' id='word_1_125' title='bbox 193 1849 238 1882; x_wconf 87' lang='lat' dir='ltr'>R0</span> <span class='ocrx_word' id='word_1_126' title='bbox 254 1850 361 1881; x_wconf 85' lang='lat' dir='ltr'>Mater</span> <span class='ocrx_word' id='word_1_127' title='bbox 386 1850 520 1882; x_wconf 85' lang='lat' dir='ltr'>ecclesia</span> 
     </span>
    </p>

    <p class='ocr_par' dir='ltr' id='par_1_11' title="bbox 252 1897 539 1937">
     <span class='ocr_line' id='line_1_51' title="bbox 252 1897 539 1937; baseline 0.003 -7"><span class='ocrx_word' id='word_1_128' title='bbox 252 1897 367 1930; x_wconf 78' lang='lat' dir='ltr'>Cantet</span> <span class='ocrx_word' id='word_1_129' title='bbox 390 1897 539 1937; x_wconf 83' lang='lat' dir='ltr'>Alleluja.</span> 
     </span>
    </p>
   </div>
   <div class='ocr_carea' id='block_1_9' title="bbox 194 1953 584 2129">
    <p class='ocr_par' dir='ltr' id='par_1_12' title="bbox 194 1953 584 2081">
     <span class='ocr_line' id='line_1_52' title="bbox 194 1953 579 1986; baseline 0.003 -1"><span class='ocrx_word' id='word_1_130' title='bbox 194 1954 225 1985; x_wconf 85' lang='lat'>2.</span> <span class='ocrx_word' id='word_1_131' title='bbox 252 1953 372 1985; x_wconf 81' lang='lat' dir='ltr'>Chorus</span> <span class='ocrx_word' id='word_1_132' title='bbox 398 1956 579 1986; x_wconf 87' lang='lat' dir='ltr'>sanctorum</span> 
     </span>
     <span class='ocr_line' id='line_1_53' title="bbox 251 2001 489 2043; baseline 0 -11"><span class='ocrx_word' id='word_1_133' title='bbox 251 2001 489 2043; x_wconf 79' lang='lat' dir='ltr'>Apostolorum,</span> 
     </span>
     <span class='ocr_line' id='line_1_54' title="bbox 248 2048 584 2081; baseline 0.003 -1"><span class='ocrx_word' id='word_1_134' title='bbox 248 2048 392 2081; x_wconf 87' lang='lat' dir='ltr'>Omnium</span> <span class='ocrx_word' id='word_1_135' title='bbox 416 2048 584 2081; x_wconf 88' lang='lat' dir='ltr'>verborum</span> 
     </span>
    </p>

    <p class='ocr_par' dir='ltr' id='par_1_13' title="bbox 295 2094 546 2129">
     <span class='ocr_line' id='line_1_55' title="bbox 295 2094 546 2129; baseline 0.016 -4"><span class='ocrx_word' id='word_1_136' title='bbox 295 2094 400 2126; x_wconf 87' lang='lat' dir='ltr'>Fulsit</span> <span class='ocrx_word' id='word_1_137' title='bbox 423 2096 546 2129; x_wconf 87' lang='lat' dir='ltr'>notitia.</span> 
     </span>
    </p>
   </div>
   <div class='ocr_carea' id='block_1_10' title="bbox 869 1665 1251 1941">
    <p class='ocr_par' dir='ltr' id='par_1_14' title="bbox 877 1665 1209 1793">
     <span class='ocr_line' id='line_1_56' title="bbox 877 1665 1209 1698; baseline 0 0"><span class='ocrx_word' id='word_1_138' title='bbox 877 1667 906 1698; x_wconf 85' lang='lat'>3.</span> <span class='ocrx_word' id='word_1_139' title='bbox 935 1665 1019 1697; x_wconf 83' lang='lat' dir='ltr'>Gens</span> <span class='ocrx_word' id='word_1_140' title='bbox 1044 1666 1209 1698; x_wconf 86' lang='lat' dir='ltr'>incredula</span> 
     </span>
     <span class='ocr_line' id='line_1_57' title="bbox 934 1712 1163 1753; baseline 0.009 -10"><span class='ocrx_word' id='word_1_141' title='bbox 934 1712 1007 1744; x_wconf 88' lang='lat' dir='ltr'>Vini</span> <span class='ocrx_word' id='word_1_142' title='bbox 1031 1714 1163 1753; x_wconf 82' lang='lat' dir='ltr'>crapula</span> 
     </span>
     <span class='ocr_line' id='line_1_58' title="bbox 931 1758 1208 1793; baseline 0.007 -3"><span class='ocrx_word' id='word_1_143' title='bbox 931 1758 1054 1792; x_wconf 85' lang='lat' dir='ltr'>Horum</span> <span class='ocrx_word' id='word_1_144' title='bbox 1079 1760 1208 1793; x_wconf 84' lang='lat' dir='ltr'>oracula</span> 
     </span>
    </p>

    <p class='ocr_par' dir='ltr' id='par_1_15' title="bbox 973 1807 1251 1842">
     <span class='ocr_line' id='line_1_59' title="bbox 973 1807 1251 1842; baseline 0.014 -4"><span class='ocrx_word' id='word_1_145' title='bbox 973 1807 1142 1840; x_wconf 83' lang='lat' dir='ltr'>Reddebat</span> <span class='ocrx_word' id='word_1_146' title='bbox 1166 1808 1251 1842; x_wconf 88' lang='lat' dir='ltr'>vilia.</span> 
     </span>
    </p>

    <p class='ocr_par' dir='ltr' id='par_1_16' title="bbox 869 1852 1197 1886">
     <span class='ocr_line' id='line_1_60' title="bbox 869 1852 1197 1886; baseline 0.006 -2"><span class='ocrx_word' id='word_1_147' title='bbox 869 1852 914 1884; x_wconf 66' lang='grc' dir='ltr'>ΕΡ</span> <span class='ocrx_word' id='word_1_148' title='bbox 930 1853 1037 1886; x_wconf 82' lang='lat' dir='ltr'>Mater</span> <span class='ocrx_word' id='word_1_149' title='bbox 1063 1855 1197 1886; x_wconf 84' lang='lat' dir='ltr'>ecclesia</span> 
     </span>
    </p>

    <p class='ocr_par' dir='ltr' id='par_1_17' title="bbox 930 1901 1208 1941">
     <span class='ocr_line' id='line_1_61' title="bbox 930 1901 1208 1941; baseline 0.004 -8"><span class='ocrx_word' id='word_1_150' title='bbox 930 1901 1045 1933; x_wconf 85' lang='lat' dir='ltr'>Cantet</span> <span class='ocrx_word' id='word_1_151' title='bbox 1069 1903 1208 1941; x_wconf 82' lang='lat' dir='ltr'>alleluja.</span> 
     </span>
    </p>
   </div>
   <div class='ocr_carea' id='block_1_11' title="bbox 871 1957 1264 2142">
    <p class='ocr_par' dir='ltr' id='par_1_18' title="bbox 871 1957 1251 2092">
     <span class='ocr_line' id='line_1_62' title="bbox 871 1957 1251 2001; baseline 0.008 -12"><span class='ocrx_word' id='word_1_152' title='bbox 871 1958 903 1990; x_wconf 81' lang='lat'>4.</span> <span class='ocrx_word' id='word_1_153' title='bbox 929 1957 1053 1999; x_wconf 84' lang='lat' dir='ltr'>Petrus,</span> <span class='ocrx_word' id='word_1_154' title='bbox 1076 1959 1126 1991; x_wconf 87' lang='lat' dir='ltr'>vir</span> <span class='ocrx_word' id='word_1_155' title='bbox 1150 1959 1251 2001; x_wconf 85' lang='lat' dir='ltr'>theos,</span> 
     </span>
     <span class='ocr_line' id='line_1_63' title="bbox 928 2005 1232 2045; baseline 0.01 -9"><span class='ocrx_word' id='word_1_156' title='bbox 928 2005 1067 2045; x_wconf 79' lang='lat' dir='ltr'>culpans</span> <span class='ocrx_word' id='word_1_157' title='bbox 1092 2006 1232 2039; x_wconf 79' lang='lat' dir='ltr'>Judaeos</span> 
     </span>
     <span class='ocr_line' id='line_1_64' title="bbox 927 2051 1226 2092; baseline 0.01 -9"><span class='ocrx_word' id='word_1_158' title='bbox 927 2051 1009 2084; x_wconf 84' lang='lat' dir='ltr'>Esse</span> <span class='ocrx_word' id='word_1_159' title='bbox 1032 2053 1149 2092; x_wconf 88' lang='lat' dir='ltr'>probat</span> <span class='ocrx_word' id='word_1_160' title='bbox 1173 2063 1226 2086; x_wconf 85' lang='lat' dir='ltr'>eos</span> 
     </span>
    </p>

    <p class='ocr_par' dir='ltr' id='par_1_19' title="bbox 975 2100 1264 2142">
     <span class='ocr_line' id='line_1_65' title="bbox 975 2100 1264 2142; baseline 0.014 -11"><span class='ocrx_word' id='word_1_161' title='bbox 975 2100 1089 2132; x_wconf 82' lang='lat' dir='ltr'>Plenos</span> <span class='ocrx_word' id='word_1_162' title='bbox 1117 2100 1264 2142; x_wconf 85' lang='lat' dir='ltr'>perfidia.</span> 
     </span>
    </p>
   </div>
   <div class='ocr_carea' id='block_1_12' title="bbox 587 2153 1032 2333">
    <p class='ocr_par' dir='ltr' id='par_1_20' title="bbox 587 2153 1032 2333">
     <span class='ocr_line' id='line_1_66' title="bbox 587 2153 867 2196; baseline 0 -12"><span class='ocrx_word' id='word_1_163' title='bbox 587 2154 617 2184; x_wconf 90' lang='lat'>5.</span> <span class='ocrx_word' id='word_1_164' title='bbox 645 2153 775 2185; x_wconf 86' lang='lat' dir='ltr'>Oremus</span> <span class='ocrx_word' id='word_1_165' title='bbox 803 2153 867 2196; x_wconf 81' lang='lat' dir='ltr'>Eli,</span> 
     </span>
     <span class='ocr_line' id='line_1_67' title="bbox 640 2199 940 2241; baseline 0 -10"><span class='ocrx_word' id='word_1_166' title='bbox 640 2199 737 2237; x_wconf 78' lang='lat' dir='ltr'>Quem</span> <span class='ocrx_word' id='word_1_167' title='bbox 759 2199 940 2241; x_wconf 85' lang='lat' dir='ltr'>archangeli</span> 
     </span>
     <span class='ocr_line' id='line_1_68' title="bbox 637 2245 1032 2284; baseline 0.01 -8"><span class='ocrx_word' id='word_1_168' title='bbox 637 2245 796 2284; x_wconf 76' lang='lat' dir='ltr'>Laudant,</span> <span class='ocrx_word' id='word_1_169' title='bbox 820 2249 856 2277; x_wconf 92' lang='lat' dir='ltr'>ut</span> <span class='ocrx_word' id='word_1_170' title='bbox 879 2248 923 2279; x_wconf 83' lang='lat' dir='ltr'>ad</span> <span class='ocrx_word' id='word_1_171' title='bbox 951 2248 1032 2280; x_wconf 83' lang='lat' dir='ltr'>caeli</span> 
     </span>
     <span class='ocr_line' id='line_1_69' title="bbox 685 2291 1021 2333; baseline 0.015 -10"><span class='ocrx_word' id='word_1_172' title='bbox 685 2291 752 2324; x_wconf 85' lang='lat' dir='ltr'>Nos</span> <span class='ocrx_word' id='word_1_173' title='bbox 778 2292 871 2324; x_wconf 85' lang='lat' dir='ltr'>ducat</span> <span class='ocrx_word' id='word_1_174' title='bbox 896 2296 1021 2333; x_wconf 81' lang='lat' dir='ltr'>gaudia.</span> 
     </span>
    </p>
   </div>
   <div class='ocr_carea' id='block_1_13' title="bbox 264 2362 1085 2400">
    <p class='ocr_par' dir='ltr' id='par_1_21' title="bbox 264 2362 1085 2400">
     <span class='ocr_line' id='line_1_70' title="bbox 264 2362 1085 2400; baseline 0.007 -10"><span class='ocrx_word' id='word_1_175' title='bbox 264 2362 332 2390; x_wconf 77' lang='lat' dir='ltr'>cod.</span> <span class='ocrx_word' id='word_1_176' title='bbox 353 2364 477 2391; x_wconf 77' lang='lat' dir='ltr'>Parisin.</span> <span class='ocrx_word' id='word_1_177' title='bbox 497 2363 544 2399; x_wconf 84' lang='lat'>(01.</span> <span class='ocrx_word' id='word_1_178' title='bbox 566 2363 803 2400; x_wconf 76' lang='lat' dir='ltr'>Sandionysian.)</span> <span class='ocrx_word' id='word_1_179' title='bbox 824 2364 930 2394; x_wconf 83' lang='lat'>15131.</span> <span class='ocrx_word' id='word_1_180' title='bbox 951 2376 1025 2396; x_wconf 80' lang='lat' dir='ltr'>saec.</span> <span class='ocrx_word' id='word_1_181' title='bbox 1041 2366 1085 2395; x_wconf 84' lang='lat'>13.</span> 
     </span>
    </p>
   </div>
  </div>
 </body>
</html>
