1653 2564
743 71 1000 106 —166-

215 168 246 201 3.
273 167 367 199 Plebs
392 175 515 206 pagana
540 165 743 206 debachatur,
891 166 922 196 4.
948 165 1005 197 Pie
1029 165 1126 205 Deus,
1153 168 1254 196 cesset
1276 167 1336 204 ira,

272 214 389 253 Legem
412 213 474 244 Dei
500 213 682 254 detestatur,
951 211 1145 251 verberasti,
1167 211 1234 249 jam
1257 212 1391 251 respira,

271 260 391 292 Rachel
412 259 513 290 tristis
537 260 736 300 lamentatur,
952 257 986 289 Si
1011 259 1055 289 sit
1077 266 1188 288 manus
1212 257 1318 289 adhuc
1343 258 1422 295 dira,

272 307 352 338 Eam
376 314 467 338 nemo
493 306 682 338 consolatur.
955 304 1030 344 Quis
1053 303 1198 335 narrabit
1222 303 1341 336 Christi
1364 303 1469 334 mira?

320 362 516 394 Christianus
538 362 676 401 populus
999 358 1180 391 Interfectis
1210 359 1374 399 fratribus,

322 409 483 441 Mactatur
505 412 539 440 ut
564 409 692 448 vitulus,
1001 406 1175 447 Captivatis
1202 407 1333 438 ducibus

322 456 427 497 Virgo,
460 463 565 499 senex,
591 455 742 495 parvulus
999 454 1147 485 pendent
1168 454 1202 485 in
1227 454 1376 485 salicibus

273 504 319 536 Ut,
343 503 399 534 bos
424 503 614 534 immoJatur.
953 501 1112 540 Organum
1138 503 1168 532 et
1192 501 1273 541 lyra.

291 567 359 596 Cod.
384 567 558 595 Zwethalen.
580 564 636 594 262
659 574 734 593 saec.
758 564 801 592 12.
823 565 887 592 add.
909 573 984 593 saec.
1007 563 1049 592 12.

818 658 913 689 23⁹1.

567 723 610 754 Dc
628 722 715 754 Bello
737 730 825 754 sacro
849 723 957 754 contra
975 722 1169 763 Albigenses.

221 798 247 828 1.
275 794 360 825 Anni
385 792 476 825 favor
497 793 627 832 jubilaei
898 794 929 826 2.
956 792 1051 825 Stina
1073 792 1178 824 mellis
1202 793 1302 824 totum
1325 791 1415 824 Evae

322 841 498 873 Poenarum
527 841 615 872 laxat
641 839 791 881 debitum,
1002 839 1189 872 Dulcoravit
1211 838 1423 880 absynthium,

323 888 399 919 Post
422 890 622 926 peccatorum
645 888 795 919 vomitum
1003 887 1028 919 O
1053 895 1224 927 poenarum
1249 886 1477 929 compendium,

320 934 363 966 Et
388 935 533 966 cessandi
556 934 750 975 propositum
1005 934 1028 966 O
1057 933 1148 966 dulce
1171 934 1399 973 purgatorium,

276 983 414 1015 Currant,
436 982 554 1021 passim
580 989 686 1013 omncs
710 981 767 1022 rei,
956 982 1074 1013 Tantas
1099 989 1216 1020 poenas
1241 984 1364 1020 tempus
1389 981 1485 1012 breve

275 1031 338 1062 Pro
361 1030 510 1062 mercede
535 1037 665 1068 regnum
689 1028 751 1060 Dei
956 1029 999 1060 Et
1024 1028 1213 1061 exstinctum
1236 1028 1343 1059 lumen
1366 1028 1438 1059 leve

321 1075 400 1108 Levi
424 1079 513 1115 patet
537 1076 723 1115 expositum.
1003 1074 1167 1107 Reformat
1192 1074 1426 1107 emunctorium.

560 1134 590 1166 3.
618 1132 669 1163 Ad
696 1131 858 1170 amplexus
891 1131 962 1163 redi
988 1130 1113 1170 Christi,

658 1178 723 1209 Fili
748 1181 812 1209 tam
839 1178 893 1210 diu
917 1178 1060 1218 prodige,

663 1225 772 1257 Crucis
797 1225 948 1257 vexillum
977 1225 1062 1265 erige

658 1272 701 1304 Et
725 1272 932 1312 Albigeos
958 1272 1059 1315 abige,

612 1320 727 1352 Totum
751 1328 813 1351 uno
837 1319 1010 1359 redemisti,

612 1366 672 1405 Qui
694 1367 749 1398 vix
773 1375 905 1405 granum
928 1366 1074 1406 intulisti,

659 1413 797 1445 Messem
821 1413 854 1445 in
879 1422 976 1453 grano
1002 1413 1124 1452 collige.

296 1478 377 1507 Cant.
399 1487 451 1506 ms.
472 1475 550 1505 Petri
570 1477 604 1505 <le
625 1477 747 1505 Medicis
768 1485 842 1505 saec.
865 1475 908 1505 13.
950 1476 1017 1504 cod.
1037 1477 1224 1503 Laurentian.
1243 1475 1288 1502 Pl.
1309 1473 1354 1502 29.
1377 1473 1402 1502 1.
