1653 2564
754 112 987 146 -25-

224 207 254 239 5.
280 205 406 239 Laudes
433 206 543 246 dignas
565 205 747 245 jubilantes,
900 207 930 238 6.
955 207 995 238 In
1019 207 1082 238 hoc
1105 206 1246 245 paschali
1271 207 1385 247 gaudio

280 254 366 285 Voce
389 253 473 285 laeta
498 254 691 293 resonanteS‚
958 252 1186 284 Benedicamus
1210 254 1355 287 Domino.

325 300 475 339 Alleluja,
500 299 651 342 Alleluja‚
1003 299 1154 339 Alleluja,
1185 300 1333 343 Alleluja7

279 347 339 387 Ey,
365 346 504 378 surrexit
525 354 582 377 rex
606 345 735 385 gloriae.
956 346 1018 387 Ey,
1044 345 1183 383 surrexit,
1211 355 1268 378 rex
1292 347 1422 386 gloriae.

296 429 382 457 Grad.
404 437 456 455 ms.
474 428 685 465 Moshurgense
705 429 775 455 anni
798 425 881 456 1360.
916 428 984 455 Cod.
1010 429 1100 457 Univ.
1118 429 1272 457 Monacen-
1293 426 1358 456 157.

835 566 901 597 23.

227 667 258 699 1.
286 666 389 699 Corde
415 674 488 697 vero
901 667 934 699 5.
960 665 1035 698 Vita
1057 665 1175 698 mundo

279 715 328 745 Ac
352 713 475 745 sincero
957 712 1150 745 Moribundo

327 760 392 792 Nos
418 759 572 791 condecet
594 758 733 799 psallere
1006 759 1124 792 Christi
1148 763 1250 793 morte
1273 761 1428 801 redditur,

277 808 322 839 Et
344 806 516 847 psallentes
957 807 1046 838 Mors
1072 806 1197 839 devicta

275 854 411 886 Nostras
434 856 555 885 mentes
954 853 1001 885 Ut,
1023 851 1144 885 afflicta

325 902 378 933 Ad
404 900 562 932 Christum
589 899 720 939 erigere.
1005 901 1111 933 Gemit
1136 905 1169 933 et
1193 902 1404 942 conqueritur.

222 979 251 1010 2.
278 977 363 1009 Eece
389 980 508 1007 certum
898 977 928 1008 6.
954 975 1039 1007 Hine
1064 975 1238 1017 descendit,

276 1024 318 1055 Et
343 1026 497 1063 apertum,
954 1023 1013 1062 Qui
1037 1024 1191 1063 pependit

326 1070 467 1109 Qualiter
491 1070 552 1101 hoe
575 1072 719 1107 tempore
1001 1071 1065 1102 Pro
1089 1070 1283 1102 redimendis
1307 1071 1384 1112 suis,

278 1119 379 1149 Actor
402 1117 481 1147 lucis
953 1117 1007 1148 Ad
1028 1115 1163 1157 inferna,

277 1164 411 1196 Sanctae
436 1164 537 1194 crucis
953 1163 1015 1195 Die
1039 1167 1130 1195 terna

323 1210 445 1243 Vicerit
467 1211 501 1241 in
526 1210 649 1242 arbore.
1000 1211 1180 1250 Resurgens
1207 1221 1226 1243 a
1249 1212 1391 1244 mortuis,

228 1290 251 1320 3.
278 1287 389 1319 Laude
413 1286 542 1325 dignum
897 1286 928 1319 7.
954 1286 979 1318 O
1005 1294 1099 1326 quam
1123 1289 1215 1325 grata

278 1334 339 1365 Est
362 1334 422 1365 hoc
445 1333 574 1373 liguum,
953 1333 998 1364 Et
1020 1333 1115 1364 beata

326 1381 392 1419 Quo
418 1388 474 1411 nos
499 1389 555 1411 suo
580 1379 731 1418 sanguine
1001 1380 1062 1411 Est
1085 1380 1164 1411 haec
1188 1380 1389 1420 resurrectio,

281 1427 422 1459 Christus
445 1426 524 1458 lavit
954 1427 1017 1459 Per
1042 1436 1134 1467 quam
1153 1427 1238 1459 vitae

277 1474 320 1506 Et
344 1474 492 1514 purgavit
954 1474 1045 1505 Victo
1070 1473 1145 1505 Dite

327 1523 356 1554 A
380 1529 481 1552 noxae
506 1520 648 1560 caligine.
1002 1521 1107 1552 Datur
1129 1522 1301 1562 reparatio,

221 1598 253 1629 4.
279 1597 387 1636 Agnus
411 1596 483 1636 Dei,
899 1597 930 1629 8.
956 1595 1082 1627 Fraetis
1106 1597 1208 1637 portis

279 1644 376 1682 Quem
400 1643 516 1676 Judaei
955 1642 1074 1674 Domus
1099 1643 1209 1675 mortis

325 1690 479 1723 Occidere
501 1689 625 1729 perfidi,
1003 1690 1072 1722 Rex
1096 1690 1270 1730 triumphat
1294 1690 1444 1731 aetheris,

280 1737 344 1769 Sua
367 1740 468 1769 morte
959 1737 1035 1769 Cum
1060 1737 1184 1770 dilectis

279 1784 425 1817 Claustra
448 1783 531 1816 forte
954 1785 1039 1817 Hine
1064 1784 1172 1823 ejectis

325 1831 435 1864 Hostis
460 1830 556 1871 fregit
581 1830 698 1864 callidi.
999 1831 1109 1864 Rediit
1133 1831 1172 1862 ab
1196 1831 1318 1865 inferis.

602 1909 634 1940 9.
659 1906 746 1946 Ergo
770 1909 836 1939 toto

662 1954 774 1986 Cordis
799 1955 872 1986 voto

709 2002 850 2041 Oremus,
875 2004 911 2032 ut
934 2002 1082 2041 gaudium

661 2048 762 2080 Nobis
788 2048 869 2081 caeli

659 2096 805 2128 Praestet
827 2095 903 2128 Heli

707 2143 770 2175 Per
793 2142 896 2174 crucis
919 2144 1112 2182 mysterium.

252 2226 364 2290 (Id-{o}
384 2226 510 2254 Parisin.
529 2223 578 2259 (ol.
599 2224 833 2260 Sandionysian.)
855 2223 954 2252 15131.
975 2234 1052 2253 saec.
1074 2222 1118 2252 13.
1138 2241 1176 2246 -—-
1196 2225 1222 2261 5,
1245 2225 1259 2254 1
1274 2227 1381 2255 Vitam.
1401 2242 1438 2247 —-
1458 2227 1484 2263 5,
1501 2225 1519 2255 3

220 2273 250 2290 ΓΠ
290 2273 298 2290 1
322 2274 330 2290 l
346 2284 352 2290 .
