1653 2566
656 88 888 124 —217—

462 187 494 218 9.
519 186 602 227 Rex,
628 185 681 225 qui
707 194 775 217 cum
801 186 924 225 plasma
948 195 1086 226 superna

517 232 705 264 Resurrexit
728 233 780 264 die
799 236 890 265 terna

565 280 611 312 Et
635 288 713 311 nous
737 282 860 311 restora
883 280 999 322 amitie,

519 326 570 357 Ab
597 326 688 365 huJus
712 327 822 357 mundi
847 327 984 358 cisterna

517 373 570 404 Ad
596 373 712 412 gaudia
735 373 929 413 sempiterna

563 419 650 451 Nous
675 420 775 451 moint
797 429 856 459 per
880 430 916 452 sa
939 421 1042 452 sainte
1066 419 1152 460 pitie.

193 492 262 519 eod.
283 492 410 519 Parisin.
430 491 479 526 (ol.
500 491 737 528 Sandionysian.)
758 491 863 522 15131.
884 502 958 522 saec.
981 492 1024 523 13.

748 605 785 635 8.

795 674 827 707 2.
855 673 949 712 Crux,
977 674 1072 712 salus,
1098 682 1171 712 spes
1196 674 1296 716 unica,

116 673 146 706 1.
171 672 290 704 Forma
314 672 543 712 poenitentium

219 720 258 752 In
285 727 378 750 cruce
401 722 604 762 monstratur,

161 766 271 799 Crucis
297 766 480 798 sufferentia

218 813 302 845 Dum
326 822 411 845 mors
437 814 605 857 relegatur,

171 861 279 893 Morte
303 861 405 892 crucis
430 869 544 899 aspera

218 908 293 939 Vita
317 910 494 950 reparatur,

170 955 253 986 Dum
278 955 311 986 in
337 963 430 986 eruce
451 954 585 986 moritur

217 1002 293 1045 vita,
319 1011 404 1033 mors
430 1000 566 1042 fugatur.

899 720 1033 760 Lignum
1058 721 1239 763 pretiosum,

856 766 991 807 Lignum
1016 766 1221 809 salutiferum,

901 815 1018 854 lignum
1043 814 1220 855 gloriosum,

856 861 990 901 Lignum
1015 860 1127 901 fugans
1153 861 1322 905 daemones

901 909 1021 948 lignum
1046 907 1228 948 virtuosum,

852 954 938 986 Mira
961 955 1021 987 Dei
1046 955 1156 997 gratia,

900 1002 1018 1042 lignum
1042 1002 1220 1043 gloriosum.

511 1059 542 1090 3.
568 1058 631 1089 Per
654 1059 688 1087 te
709 1057 805 1088 vitam
829 1058 954 1097 ingredi

614 1104 679 1135 Det.
706 1103 797 1135 nobis
822 1105 945 1145 mereri,

567 1151 627 1190 Qui
653 1154 686 1183 te
709 1154 819 1183 nostra
840 1151 939 1183 voluit

615 1200 747 1238 peccata
772 1198 881 1241 deleri,

563 1246 601 1278 In
625 1248 668 1285 te,
698 1248 808 1277 nostra
831 1245 941 1286 gloria,

609 1292 652 1323 sit
675 1294 817 1323 nostrum
841 1292 971 1335 mederi,

560 1340 599 1372 In
625 1341 667 1377 te,
695 1347 781 1382 crux,
808 1339 954 1371 vehicula

609 1386 731 1418 vectrix
757 1386 816 1417 Dei
841 1386 917 1419 vem‘.

181 1462 252 1490 Cod.
276 1462 417 1490 Oxonien.
437 1461 519 1489 Bodl.
541 1458 605 1489 832.
626 1469 701 1488 saec.
724 1459 767 1488 15.

742 1574 782 1603 9.

789 1643 820 1674 2.
846 1642 885 1674 In
912 1642 1076 1682 suppliciis

107 1644 139 1678 1.
164 1643 268 1675 Latex
292 1642 389 1685 silice,

210 1690 277 1722 Mel
301 1692 394 1730 petra
416 1687 555 1731 profluit,

162 1737 308 1770 Medulla
332 1736 459 1776 cortice,

210 1784 331 1817 Manna
355 1787 475 1815 terram
501 1783 661 1825 compluit,

161 1832 198 1864 In
229 1832 356 1865 ardenti
380 1830 496 1862 frutice

212 1879 357 1912 Flamma
380 1878 461 1910 nihil
487 1878 614 1916 destun,

160 1927 261 1966 Ejicit
284 1929 417 1958 veterna

160 1973 316 2014 Regulum
342 1981 478 2004 caverna

160 2021 303 2053 Dextera
326 2028 473 2059 superna,

208 2068 347 2108 Spiritus
373 2068 508 2110 emanat,

206 2116 349 2149 Literam
375 2114 564 2154 complanat,

209 2163 309 2204 Sputo
334 2170 460 2194 caecum
484 2163 574 2193 sanat

159 2212 231 2245 Lux
258 2211 298 2243 de
321 2209 449 2252 lumine,

157 2259 220 2292 Suo
246 2258 408 2298 sanguine,

156 2307 215 2347 Qui
239 2306 356 2338 librum
382 2304 504 2346 gratiae

202 2354 339 2395 Scripsit
363 2352 553 2385 immolatus.

152 2415 276 2442 Dreros,
293 2412 420 2437 Cantiones
434 2411 459 2435 et
471 2410 567 2434 Mutoti.
596 2410 627 2434 11.

890 1690 979 1722 Haeo
1002 1689 1114 1729 suplex
1138 1688 1241 1719 hostia

844 1736 927 1768 Dum
952 1738 1017 1768 stat
1039 1736 1072 1768 in
1098 1735 1186 1767 ostiis

880 1783 966 1816 Petit
990 1783 1068 1815 haec
1093 1782 1262 1822 stipendia,

844 1830 890 1864 Ut
915 1831 955 1863 de
978 1829 1139 1863 beneficiis

891 1879 1013 1911 Recens
1034 1878 1077 1910 sit
1101 1877 1259 1920 memoria,

842 1925 921 1966 Quia
945 1934 1003 1965 pro
1030 1929 1062 1957 te
1085 1928 1187 1963 natus,

841 1973 905 2004 Pro
929 1975 962 2004 te
985 1971 1166 2012 perforatus

842 2019 967 2059 Manus,
993 2020 1102 2059 pede5‚
1128 2018 1220 2056 latus,

889 2066 952 2098 Pro
978 2069 1009 2097 te
1034 2075 1068 2098 se
1095 2065 1247 2109 despexit,

892 2113 954 2145 Pro
980 2116 1012 2145 te
1037 2113 1218 2156 resurrexit,

888 2161 1037 2194 Humeris
1057 2161 1181 2192 revexit

843 2209 940 2242 Ovem
964 2209 1133 2251 perditam,

842 2256 938 2296 Sequi
959 2256 1103 2288 semitam

844 2304 907 2336 Per
931 2304 1009 2336 haec
1034 2303 1239 2343 convinceris,

887 2351 937 2384 Ne
961 2352 1004 2385 sis
1029 2354 1077 2384 tot,
1100 2351 1252 2392 ingratus,
