1653 2564
775 125 1031 160 —116—

256 221 287 252 3.
312 220 351 251 In
375 219 523 258 abyssum
548 219 659 257 culpae
685 218 783 257 ducis,

311 266 397 305 Quae
423 265 619 296 commissum
643 272 721 303 opus
749 264 847 302 ducis,

359 313 516 344 Procuras
537 314 665 352 temere,

312 357 368 389 Mc
391 358 530 398 perimis,

314 404 390 436 Cum
416 404 568 444 opprimis

357 451 485 483 Peccati
509 451 667 492 pondere3

312 497 385 529 Tibi
409 506 521 529 nomen
548 498 671 529 animae

312 544 384 576 Jam
408 544 521 585 adime,

314 591 393 629 Quia
418 594 504 623 recte
527 600 590 623 non
615 591 745 631 animas,

314 637 390 670 Cum
415 639 552 677 perimas

360 684 415 716 Me
439 686 549 717 mortis
574 694 679 725 opere.

929 221 960 251 4.
988 220 1026 251 In
1049 219 1181 250 abusum
1204 219 1334 250 rationis

989 264 1094 296 Vertis
1118 273 1208 295 usum
1232 266 1326 303 teque
1351 265 1439 297 bonis

1035 311 1147 342 Privas
1173 311 1329 351 gratuitis,

989 358 1073 390 Dum
1097 357 1240 389 sensibus

989 404 1180 436 Assensibus

1037 451 1141 483 Faves
1165 450 1305 490 illicilis;

991 497 1065 530 Tibi
1090 506 1184 537 cogor
1208 497 1338 537 obsequi

990 545 1033 577 Et
1059 544 1196 586 exsequi,

993 592 1078 631 Opus
1103 594 1225 623 rectum
1249 591 1277 622 si
1297 591 1421 630 ,iudices

993 639 1053 671 Vel
1078 638 1237 670 claudices

1038 686 1067 718 A
1092 686 1171 717 recti
1196 685 1327 717 semitis.

330 749 411 777 Cant.
439 758 490 777 ms.
511 750 591 777 Petri
615 750 650 777 de
669 750 792 777 Medicis
815 758 889 777 saec.
913 748 955 778 13.
992 751 1061 778 Cod.
1081 751 1270 778 Laurentian.
1291 750 1335 777 Pl.
1356 749 1400 778 29.
1425 749 1448 777 1.
1469 765 1506 768 —
1526 748 1553 783 3,

255 785 346 814 7—-11
375 787 476 815 stchen
501 789 533 815 in
558 788 608 815 der
628 788 681 815 Hs.
706 787 803 815 hinter
831 787 886 815 Str.
907 787 934 816 4.
973 788 1045 815 Dass
1069 790 1113 815 sie
1132 788 1324 815 umzustellen
1345 789 1418 822 sind,
1439 788 1555 815 scheint

254 825 307 851 nic
359 824 436 852 bloss
461 825 513 852 das
532 825 690 858 Versmass,
719 825 843 853 sondcm
868 826 942 853 auch
967 826 1017 854 der
1036 826 1135 853 Inhalt
1153 826 1360 862 nahezulegen.
1400 827 1461 853 Das
1480 825 1555 853 Lietl

255 863 296 889 is*
313 870 369 889 uns
389 862 471 890 nicht
489 865 574 890 untcr
591 863 655 890 dem
668 863 780 890 Namen
799 862 931 899 Philipps
952 864 987 891 de
1007 863 1101 892 Greve
1120 863 1300 898 iiberliefert3
1321 863 1451 891 dennoch
1473 865 1554 899 trage

256 901 262 906 ’
327 900 399 926 kain
418 900 587 934 Bedenken,
608 900 660 927 ihn
680 901 724 928 als
746 900 802 927 den
821 900 914 928 Autor
933 911 969 928 zu
988 901 1177 935 bezeichnen,
1199 909 1231 928 so
1252 901 1319 928 sehr
1337 903 1439 937 zeigen
1457 901 1557 928 Inhalt

254 937 315 964 und
333 937 420 964 Form
439 937 490 965 das
510 938 571 965 ihm
590 940 693 974 eigene
711 938 851 974 Geprk'ige.

860 1049 955 1081 1¹70.

702 1112 877 1154 Disputatio
897 1115 1112 1146 membrorum.

282 1182 330 1214 Ia.
358 1182 445 1213 Inter
470 1183 610 1214 membra
635 1183 761 1223 singula

407 1229 456 1261 De
481 1230 600 1261 ventris
624 1230 764 1270 ingluvie

455 1277 601 1308 Murmur
620 1279 668 1308 est
682 1279 714 1307 et,
726 1276 877 1316 quaestio,

285 1334 334 1365 2a.
362 1332 488 1371 Lugens
515 1334 594 1365 dicit
617 1333 742 1366 oculus:

367 1378 429 1410 Gur
453 1380 531 1419 vigil
556 1383 588 1411 et
611 1380 738 1411 sedulus

414 1425 533 1458 (lunata
559 1427 697 1458 lustrans
723 1425 879 1466 oxploro?

286 1483 336 1515 ἕνα.
362 1482 459 1514 Auris
486 1483 581 1515 dicit:
607 1492 661 1514 cur
684 1483 805 1523 haurio,

367 1528 429 1560 Gur
452 1530 602 1562 doctrinis
626 1530 763 1561 inservio

413 1575 481 1608 Nec
505 1578 603 1608 satior
627 1577 754 1617 auditis,

285 1632 336 1664 4a.
364 1630 466 1663 Nares
493 1633 587 1666 dicit:
616 1641 670 1663 cur
696 1632 841 1671 explores

368 1677 437 1709 Cibi
462 1678 563 1711 fumos
589 1682 620 1710 et
648 1677 802 1718 vapores?

413 1726 442 1757 A
463 1729 495 1757 te
512 1725 632 1757 frustra
650 1725 880 1765 discernuntur,

414 1771 499 1810 Quae
517 1782 575 1813 per
592 1774 732 1805 ventrem
751 1771 879 1804 confun-

657 1819 782 1860 duntur,

462 1867 589 1899 Ventris
612 1866 814 1898 immunditia

462 1913 711 1953 Corrumpuntur
736 1913 849 1953 omnia,

368 1959 454 1992 Odor
478 1961 593 1992 transit
617 1961 650 1991 in
675 1959 823 1992 foetores.

288 2018 338 2049 5a.
363 2016 479 2048 Manus
500 2017 626 2049 dicunt:
653 2017 730 2056 quid
746 2017 882 2060 labores,

368 2062 466 2095 Nobis
488 2067 621 2104 prosunt
645 2065 720 2104 quid
740 2065 881 2104 sudores,

370 2109 446 2142 Cum
459 2114 504 2152 tu,
521 2114 637 2154 venter,
654 2114 767 2143 cuncta
779 2121 880 2154 vores‚

417 2156 493 2189 Cum
518 2160 552 2189 tu
576 2159 661 2190 solus
685 2159 857 2199 implearis,

288 2214 338 2246 6a.
365 2213 531 2252 Quaeritur
554 2222 630 2253 pes:
658 2223 714 2245 cur
738 2212 866 2255 fatigor,

368 2259 583 2292 Discurrendo
607 2269 662 2291 cur
686 2259 835 2301 affligor?

961 1183 1012 1217 1b.
1038 1184 1127 1222 Quod
1150 1193 1208 1223 pro
1235 1184 1352 1215 ventris
1378 1185 1509 1223 crapula

1089 1230 1234 1262 Membra
1259 1234 1368 1262 carent
1390 1232 1508 1271 requie,

1136 1277 1226 1317 Jugis
1250 1276 1287 1308 fit
1312 1279 1444 1312 exactio.

962 1334 1014 1367 2b.
1043 1334 1160 1366 Venter
1185 1336 1297 1365 cuncta
1321 1334 1460 1377 devorat,

1045 1381 1167 1413 Avidus
1191 1381 1383 1424 incorporat,

1089 1427 1249 1467 Quidquid
1275 1430 1365 1460 extra
1388 1428 1506 1460 laboro.

964 1483 1014 1516 3b.
1041 1483 1154 1514 Auditi
1176 1483 1245 1514 soni
1269 1488 1411 1522 pereunt,

1043 1530 1096 1561 Ad
1121 1532 1263 1561 ventrem
1284 1529 1345 1561 cibi
1365 1534 1555 1572 transerunt,

1140 1576 1261 1608 Crescit
1285 1575 1384 1609 fames
1409 1581 1440 1609 ct
1465 1579 1544 1609 sitis.

961 1633 1014 1665 4b.
1041 1633 1164 1673 Lingua
1187 1631 1290 1664 fatur:
1318 1634 1392 1672 quid
1412 1634 1558 1666 doctrina

1043 1680 1126 1711 Mihi
1148 1678 1293 1711 confert?
1320 1680 1426 1723 dapes,
1451 1681 1535 1720 vina,

1090 1727 1158 1759 Ista
1179 1726 1256 1757 mihi
1280 1735 1341 1758 non
1367 1730 1530 1768 parantur,

1091 1773 1210 1805 Cuncta
1238 1774 1342 1805 ventri
1373 1784 1556 1814 comparan-

1333 1823 1395 1862 tur,

1139 1867 1231 1899 Licet
1245 1876 1303 1907 per
1318 1877 1368 1900 me
1384 1871 1557 1908 transcant,

1137 1915 1255 1946 Parum
1277 1916 1384 1948 tamen
1403 1919 1559 1957 recreant,

1046 1961 1108 1993 Hic
1131 1961 1270 1994 ciborum
1295 1961 1432 1995 officina.

967 2018 1018 2051 5b.
1046 2018 1176 2050 Nullum
1192 2027 1315 2058 pascas,
1333 2020 1391 2051 sed
1406 2020 1559 2061 pascaris,

1045 2065 1156 2105 Neque
1180 2067 1273 2104 pastu
1298 2065 1532 2106 compescaris?

1045 2112 1135 2143 Nihil
1159 2121 1264 2153 paras,
1289 2113 1383 2145 immo
1408 2114 1494 2152 paris

1092 2159 1260 2190 Torsiones
1286 2162 1317 2190 et
1343 2160 1477 2195 dolores.

965 2214 1017 2248 6b.
1044 2215 1118 2247 Sive
1141 2223 1242 2257 curro,
1269 2215 1335 2247 sive
1359 2216 1459 2255 labor,

1042 2262 1150 2293 Meum
1174 2270 1261 2299 onus,
1288 2270 1373 2293 meus
1398 2262 1498 2303 labor,

584 2317 633 2348 60.
658 2316 702 2347 Et
727 2316 801 2347 dum
825 2317 936 2347 venter
960 2315 1038 2347 cibis
1063 2318 1177 2359 turget,

660 2362 716 2394 Me
738 2363 917 2401 portantem
940 2363 1064 2402 pondus
1089 2366 1188 2402 urget.
