1653 2566
690 94 926 129 -45...

771 207 836 237 58.

152 276 182 309 1.
211 278 356 312 Christus
381 281 482 320 patris
508 283 629 322 gratiae
837 286 866 318 3.
894 284 1003 324 Agnus
1028 283 1226 316 innocentiae

254 326 321 359 Nos
348 327 600 370 reconfoederat‚
941 330 1016 362 Cum
1042 334 1143 363 semet
1167 330 1286 372 offerat,

209 372 397 407 Resurrexit
421 375 524 414 hodie,
892 377 1081 410 Resurrexit
1104 377 1206 418 hodie,

260 420 352 453 Sient
368 422 592 462 praedixerat,
939 424 1030 456 Sicut
1045 424 1267 463 praedixerat,

211 466 315 509 Felix,
343 468 396 508 qui
422 477 481 508 pro
505 469 620 501 misero
895 470 1027 511 Sanguis
1053 472 1119 511 ejus
1145 474 1252 502 extero

256 514 379 555 Populo
405 516 549 557 moritur,
943 518 1039 550 Poste
1065 518 1260 560 diffunditur,

208 561 298 593 Mors
320 562 370 593 illi
396 562 436 594 de
458 564 561 594 cetero
896 564 984 595 Mors
1009 564 1057 595 illi
1084 566 1123 597 de
1148 567 1252 596 cetero

260 608 330 640 Non
358 609 580 643 dominabitur,
944 610 1016 642 Non
1043 611 1264 643 dominabitur.

153 683 185 714 2.
212 682 328 715 Mortis
353 693 457 723 poena
480 685 631 724 propriae
836 686 869 717 4.
897 684 993 717 Genti
1018 694 1074 717 nos
1098 686 1278 726 Aegyptiae

256 730 401 762 Mortuos
425 731 552 771 liberat,
943 731 1078 772 Lignum
1102 733 1299 772 subdiderat,

207 777 396 810 Resurrexit
419 778 522 818 hodie,
895 778 1084 812 Resarrexit
1107 780 1209 819 hodie,

256 824 349 857 Sient
372 825 593 866 praedixerat,
943 825 1034 859 Siout
1049 826 1270 866 praedixerat,

213 872 311 912 Ligno
336 871 502 905 salutifero
896 873 959 905 Sed
981 874 1047 912 jam
1070 874 1187 914 lignum
1214 873 1314 905 altero

257 919 347 950 Mors
372 922 474 951 morte
495 920 641 961 vincitur,
944 920 1045 960 Ligno
1070 920 1269 959 retunditur3

215 966 305 998 Mors
330 966 378 998 illi
405 967 445 998 de
471 969 575 999 cetero
897 967 986 999 Mors
1008 967 1056 998 illi
1083 968 1123 1000 de
1147 970 1251 998 cetero

261 1013 333 1045 Non
359 1014 581 1048 dominabitur.
945 1014 1016 1045 Non
1043 1014 1266 1047 dominabitur.

554 1092 585 1123 5.
614 1091 723 1123 Laesis
747 1093 783 1121 ut
808 1100 827 1122 a
851 1090 939 1122 sanie

656 1138 819 1170 Medelam
844 1136 997 1175 conferat,

606 1184 796 1218 Resarrexit
819 1185 923 1225 hodie,

655 1232 746 1265 Siout
767 1232 986 1271 praedixerat,

611 1279 749 1319 Serpens
772 1288 791 1310 a
815 1279 1003 1319 presbytero

660 1326 777 1358 Turbis
803 1326 952 1369 erigitur3

614 1373 703 1405 Mors
728 1374 778 1406 illi
804 1374 844 1405 de
869 1376 973 1405 cetero

658 1420 730 1452 Non
758 1420 979 1453 dominabitur.

232 1504 315 1531 Cant.
337 1513 388 1531 ms.
410 1505 489 1531 Petri
509 1503 545 1531 de
566 1504 690 1532 Medicis
712 1513 787 1533 saec.
811 1502 854 1533 13.
888 1504 958 1531 Cod.
981 1504 1170 1532 Laurentian.
1191 1502 1236 1531 Pl.
1257 1501 1302 1530 29.
1327 1501 1350 1529 1.

775 1647 841 1677 59.

161 1726 189 1758 1.
218 1726 247 1757 A
272 1725 343 1757 sinu
368 1724 470 1764 patris
494 1724 640 1765 mittitur,
845 1728 877 1759 2,
904 1724 1111 1764 Flagffllatur,
1139 1723 1332 1764 conspuitur,

217 1772 341 1805 Mundi
363 1772 507 1804 salvator
529 1771 679 1813 moritur,
903 1771 1026 1803 Mundi
1048 1771 1190 1804 salvator
1212 1770 1362 1809 moritur,

219 1820 263 1852 Et
289 1820 329 1852 de
352 1819 459 1851 Maria
483 1818 634 1860 nascitur,
903 1819 947 1851 Et
972 1818 1010 1850 ab
1036 1818 1085 1850 his
1112 1817 1315 1858 crucifigitur,

264 1868 364 1907 Quem
387 1869 480 1907 pater
503 1866 711 1907 promiserat;
952 1866 1034 1905 Quos
1059 1866 1197 1898 liberare
1221 1868 1369 1897 venerat:

218 1914 333 1946 Mundi
359 1915 500 1946 salvator
523 1913 666 1953 moritur,
906 1913 1020 1945 Mundi
1048 1914 1189 1946 salvator
1212 1912 1355 1952 moritur,

266 1961 313 1994 Ut
333 1963 436 1992 morte
459 1963 593 1992 mortem
619 1964 772 1994 conterat.
954 1960 999 1993 Ut
1030 1963 1132 1992 morte
1156 1962 1289 1992 mortem
1316 1958 1454 1989 conterat

559 2038 589 2069 3.
618 2037 715 2068 Vetus
741 2037 839 2068 hostis
865 2036 1000 2076 ejicitur,

615 2084 738 2116 Mmdz'
760 2083 904 2115 salrator
926 2083 1072 2123 moritur.

617 2132 704 2164 Dum
729 2131 796 2163 vita
819 2130 914 2162 morti
939 2130 1087 2162 subditur

663 2179 708 2211 Et
731 2187 788 2210 nos
812 2187 832 2210 a
854 2180 956 2210 morte
981 2178 1114 2218 liberat3

616 2225 732 2258 Mundi
756 2225 897 2258 salvator
921 2225 1064 2265 moritur,

665 2273 710 2306 Ut
734 2276 835 2305 morte
858 2276 992 2305 mortem
1018 2276 1171 2308 conterat.

237 2360 320 2389 Cant.
342 2367 395 2388 ms.
415 2359 496 2388 Petri
517 2358 554 2386 de
573 2357 696 2387 Medicis
717 2366 792 2387 saec.
815 2355 859 2387 13.
894 2358 964 2388 Cod.
983 2358 1172 2389 Laurentian.
1192 2358 1235 2386 Pl.
1255 2356 1300 2390 29.
1324 2354 1348 2386 l.
