1653 2564
714 96 969 130 -120—

566 189 597 221 3.
625 188 705 221 Caro
729 189 774 219 nil
796 198 856 228 per
878 197 912 221 se
935 189 1072 230 proficit,

622 235 691 267 Nec
714 234 842 278 sufficit,

667 282 741 314 Etsi
764 281 856 314 fortis
881 281 932 324 sit,
960 282 1101 322 spiritus,

620 328 692 360 Nisi
715 328 837 368 liquore
861 329 982 369 gratiae

668 374 795 408 Perfusi
819 374 919 407 fluant
943 376 1098 418 primituS,

667 423 713 454 Et
735 423 861 461 penitus

715 470 792 503 Cum
817 470 885 501 oleo
910 469 1052 501 laetitiae

712 516 827 549 Rorem
852 517 1089 548 misericordiae

712 562 757 595 Et
780 564 889 595 veniae

760 610 846 642 Fons
871 610 960 643 vivus
985 610 1075 650 pluat
1097 609 1239 641 coelitus.

277 672 357 700 Cant.
385 681 433 701 ms.
465 673 546 701 Petri
571 674 606 701 de
632 674 755 702 Medicis
782 683 856 702 saec.
884 671 927 702 13.
962 674 1030 701 Cod.
1055 674 1245 702 Laurentian.
1265 674 1308 701 Pl.
1335 672 1380 702 29.
1408 673 1432 701 1.
1460 690 1493 694 -—

198 711 225 744 2,
246 709 265 737 4
289 710 384 738 hostis
409 711 545 739 invidiae.
566 725 603 730 —
622 710 649 746 2,
671 711 687 740 6
709 713 785 746 Quin
806 712 919 739 demum
938 712 1002 744 Hm,
1022 719 1115 747 gegen
1134 712 1218 739 Reim
1239 712 1300 738 und
1319 711 1495 740 Silbenza'hl.

797 787 890 816 1v3.

197 845 227 877 1.
256 844 379 876 Veritas
403 844 581 882 veritatum,
874 847 905 877 2.
933 844 1044 876 Omnia
1067 843 1125 875 sub
1150 846 1281 883 peccato

304 892 374 933 Via,
399 891 474 931 vita,
502 892 628 930 veritas,
980 891 1101 923 Clausit
1124 892 1217 923 Adae
1240 892 1396 932 meritum,

304 939 364 970 Per
388 938 531 970 veritatis
557 938 684 969 seinims
976 938 1058 969 Dum
1083 939 1212 976 pronior
1235 938 1269 969 in
1294 940 1423 970 vetitum

252 985 428 1017 Eliminans
452 988 625 1027 peccatum,
930 984 1002 1016 Non
1026 984 1132 1024 paruit
1152 985 1310 1028 mandato,

252 1032 300 1063 Te
323 1032 453 1063 verbum
478 1032 675 1063 incarnatum
930 1030 979 1062 De
1008 1035 1093 1063 statu
1117 1032 1262 1063 ‘trabeato

302 1079 445 1111 Clamant
460 1077 550 1119 fides,
577 1087 659 1118 spes,
686 1078 810 1118 caritas,
975 1078 1042 1109 Nos
1069 1077 1158 1109 dedit
1179 1079 1214 1110 in
1237 1078 1409 1121 interitum,

251 1125 299 1157 Tu
323 1126 445 1164 primae
469 1126 556 1164 pacis
581 1128 696 1156 statum
927 1123 977 1155 De
1001 1134 1107 1156 morsu
1132 1127 1287 1157 venenato

252 1171 439 1204 Reformans
460 1175 532 1211 post
556 1176 730 1212 peccatum.
927 1170 984 1202 Fel
1006 1172 1143 1203 inhaesit
1166 1173 1295 1212 palat03

251 1219 299 1251 Tu
324 1223 397 1258 post
423 1220 524 1250 carnis
551 1219 680 1251 delicias
928 1218 990 1249 Per
1018 1219 1078 1250 hoc
1103 1219 1215 1258 culpae
1241 1219 1441 1258 dispendium

250 1266 315 1297 Das
340 1266 467 1305 gratias,
928 1264 965 1296 In
991 1266 1100 1297 vitium

297 1313 344 1346 Ut
367 1312 465 1344 facias
489 1312 626 1345 beatum.
972 1312 1175 1344 Nascentium
1201 1313 1354 1344 translato

249 1360 274 1391 O
300 1368 393 1398 quam
416 1359 498 1390 mira
520 1359 671 1399 potentia,
926 1358 1041 1390 Mortis
1065 1368 1192 1390 amarae
1215 1360 1363 1399 poculum

249 1406 346 1444 Quam
372 1405 459 1445 regia
924 1406 962 1437 In
986 1405 1145 1437 saeculum

249 1453 318 1484 Vox
342 1453 506 1492 principis,
924 1451 1181 1492 Transfunditur,

250 1499 325 1532 Cum
350 1500 527 1540 aegrotanti
550 1499 727 1539 praecipis:
925 1498 979 1529 Nil
1005 1500 1053 1530 cui
1081 1499 1181 1537 dulce,
1207 1498 1326 1530 bibitur

296 1546 406 1587 Surge,
432 1547 511 1578 tolle
534 1545 732 1588 grabbatum.
974 1545 1023 1577 De
1046 1554 1122 1577 vase
1147 1546 1267 1577 vitiato.

584 1603 614 1635 3.
642 1601 778 1641 Spiritus
803 1600 956 1641 veritatis,

685 1647 822 1687 Spiritus
847 1647 970 1680 consilii

684 1694 783 1726 Modo
806 1703 940 1734 poenam
965 1695 1114 1735 supplicii

638 1741 710 1773 Non
735 1741 843 1773 reddit
866 1750 924 1781 pro
948 1743 1096 1781 peccatiS,

639 1789 685 1821 Ut
704 1788 799 1819 timor
823 1789 976 1820 castitatis

685 1836 751 1875 Quo
776 1838 958 1867 reverenter
981 1835 1039 1867 filii

640 1882 780 1922 Castiget
801 1882 835 1913 in
858 1883 1010 1922 praelatis

636 1929 840 1961 Fermentum
863 1930 1038 1963 vetustatis,

637 1976 700 2009 Sed
726 1977 850 2017 quando
874 1985 1007 2017 sponsus
1031 1977 1163 2017 venerit,

636 2023 807 2066 invenerit,

684 2070 766 2111 Quid
791 2070 889 2102 faciet
910 2070 1067 2111 ingratis?

638 2118 709 2149 Non
733 2117 786 2149 hic
809 2126 943 2158 poenam
967 2118 1107 2160 abstulit,

637 2164 714 2196 Cum
741 2164 872 2207 distulit,

636 2211 690 2242 Ad
714 2211 873 2243 victimam

637 2257 701 2289 Sed
724 2266 809 2289 nunc
831 2258 1007 2298 impinguat
1030 2257 1166 2291 animam

681 2304 793 2342 Adeps
816 2304 1004 2344 iniquitatis,

263 2360 344 2388 Cant.
370 2371 422 2389 ms.
439 2361 530 2388 rPetri
555 2360 591 2387 de
613 2359 736 2387 Medicis
763 2367 838 2386 saec.
863 2357 908 2387 13.
945 2359 1014 2386 Cod.
1037 2360 1227 2386 Lamentian.
1251 2358 1297 2385 ΡΙ.
1323 2356 1369 2385 29.
1397 2355 1422 2386 1.
1448 2372 1485 2377 —-

184 2397 210 2433 3,
234 2397 269 2426 14
288 2399 366 2425 steht
384 2400 480 2426 hinter
502 2396 544 2425 16.
566 2412 601 2418 --
621 2397 679 2424 Die
699 2397 775 2424 erste
790 2395 915 2432 Strophe
934 2395 1024 2423 findet
1042 2396 1105 2423 sich
1125 2396 1200 2423 auch
1215 2396 1310 2423 carm.
1325 2396 1396 2423 Bur.
1411 2404 1439 2431 p.
1454 2394 1482 2424 3.
