1653 2564
746 107 791 111 —
841 88 907 122 190
957 108 1002 112 ——

297 240 399 281 Salve,
426 243 536 280 mater,
562 238 633 271 fons
658 241 828 280 hortorum,
907 241 961 275 15,
980 243 1097 273 Pronos
1121 242 1184 273 tuis
1208 242 1303 280 sonis,

297 287 405 319 Velius
432 286 599 326 Gredeonis‚
976 288 1091 319 Lilium

295 335 394 366 Porta
419 333 507 373 coeli,
533 342 605 373 spes
628 342 763 372 reorum,
976 334 1182 373 convallium,

295 380 440 412 Thronus
465 379 651 420 Salomonis,
975 381 1110 412 Florens
1134 390 1217 421 rosa,

248 428 278 459 5.
295 428 393 468 Virga
415 428 531 458 florens
554 425 665 458 florem
688 426 810 467 florum,
977 427 1138 468 Fragrans
1163 428 1246 459 sicut
1269 428 1380 467 lilium,

295 475 391 513 Quam
418 474 465 505 vis
491 474 645 513 aquilonis
906 476 960 507 20.
978 474 1128 514 Speciosa

294 521 462 561 Nunquam
483 521 593 560 laedit⁷
617 523 846 561 unguentorum
976 521 1084 562 Virgo,
1108 530 1255 560 promens
1280 520 1382 553 filium

297 568 386 600 Cella
412 568 508 606 plena
533 568 631 608 bonis,
978 568 1147 607 Generosa,

294 614 410 646 Nescia
433 614 614 654 praedoniS‚
975 615 1042 647 Deo
1066 616 1177 655 prodis
1204 616 1351 657 genitum,

226 661 280 694 10.
295 662 402 701 Virgo,
428 662 514 693 scala
538 664 750 702 peecatorum,
974 662 1045 694 Lux
1068 663 1185 695 mundo
1206 664 1326 703 jocosa,

295 709 358 741 Per
382 717 474 748 quam
497 708 671 748 Babylonis
906 711 959 743 25.
975 711 1037 742 Pro
1062 712 1095 741 te
1121 709 1245 742 Christo

296 756 410 795 Jugum
436 756 531 787 cessit
555 759 586 788 et
609 756 752 787 laborum
975 756 1024 789 Sit
1047 758 1115 788 laus
1141 758 1281 797 explosa,

294 802 425 842 Lexque
448 802 632 842 Pharaonis,
976 804 1049 836 Tibi
1075 813 1144 836 cum
1169 804 1283 836 mentis

295 849 422 889 Septem
448 850 537 888 reple
562 850 652 881 donis
973 851 1067 883 Dulei
1095 860 1199 892 prosa.

310 904 390 932 Cant.
411 912 456 931 ms
487 905 567 933 Petri
589 905 623 932 de
643 906 765 933 Medicis
786 914 861 934 sace.
884 903 928 934 13.
963 907 1031 934 Cod.
1051 906 1239 934 Laurentian.
1259 907 1303 933 Pl.
1325 904 1370 934 29.
1394 904 1417 932 1.

842 982 912 1015 VII.

294 1044 372 1086 Ave,
405 1043 494 1082 virgo
519 1043 615 1084 regia,
976 1045 1048 1076 Tibi
1074 1044 1230 1085 coelestia,

294 1090 401 1122 Mater
426 1090 620 1129 elementiae7
976 1092 1063 1124 Coeli
1088 1091 1255 1122 luminaria

293 1138 373 1176 Ave,
398 1137 493 1177 plena
517 1137 629 1176 gratia,
905 1139 959 1170 30.
975 1136 1153 1177 Stupefiunt

293 1184 416 1224 Regina
438 1183 567 1223 gloriae,
973 1185 1023 1217 De
1044 1188 1099 1217 tua
1122 1185 1239 1224 speeie,

249 1232 279 1263 5.
296 1230 442 1262 Genitrix
467 1232 592 1271 egregia
976 1231 1030 1264 Sol
1055 1234 1086 1264 et
1108 1232 1184 1263 luna

292 1277 397 1310 Prolis
423 1278 564 1316 eximiae,
974 1279 1153 1318 Cunctaque

293 1324 379 1363 Quae
402 1324 494 1356 sedes
518 1325 551 1356 in
576 1325 676 1363 gloria
975 1327 1122 1358 Polorum
1148 1325 1262 1357 sidera.

299 1371 450 1403 Coelestis
474 1372 606 1414 patriae,
904 1374 958 1405 35.
973 1373 1070 1413 Virgo
1095 1381 1207 1412 regens
1229 1380 1354 1411 supera.

294 1418 387 1458 Regis
412 1419 481 1449 veri
504 1420 592 1459 regia
971 1420 1018 1451 Te
1041 1419 1174 1451 laudant
1198 1419 1302 1458 angeli

224 1464 277 1499 10.
291 1466 398 1497 Mater
423 1473 455 1496 es
481 1467 513 1496 et
535 1465 611 1508 filia,
971 1466 1073 1506 Super
1098 1466 1236 1498 aethera.

292 1512 437 1545 Castrum
459 1513 634 1552 pudicitiae
971 1515 1051 1553 Ave,
1077 1513 1153 1544 cleri

292 1560 454 1600 Stellaque
477 1560 617 1600 praevia,
1017 1563 1119 1592 tutum
1143 1558 1338 1599 praesidium

289 1607 327 1638 In
352 1607 465 1638 throno
486 1607 631 1646 justitiae
900 1609 955 1641 40.
970 1607 1186 1647 Pauperisque

289 1654 433 1692 Resides,
460 1653 554 1686 obvia
1017 1663 1126 1686 verum
1151 1653 1336 1686 subsidium.

219 1699 275 1732 15.
288 1701 426 1740 Agmina
448 1701 582 1733 militiae
774 1726 780 1729 .
971 1702 1021 1733 Tu
1046 1710 1078 1733 es
1102 1710 1184 1740 pura

290 1747 442 1779 Coelestis
460 1748 564 1779 omnia
642 1774 648 1780 .
1015 1749 1090 1779 lima
1113 1748 1254 1779 malitiae

288 1795 465 1826 Occurrunt
488 1794 629 1826 laetitiae
971 1795 1014 1826 Et
1040 1794 1168 1826 allati-ix
1192 1794 1323 1834 gratiae,

287 1841 423 1880 Tibique
447 1842 579 1880 propria
899 1843 955 1874 45.
969 1842 1052 1873 Mite
1075 1840 1232 1881 refugium

289 1887 420 1919 Cantica
444 1888 651 1927 symphoniae
971 1888 1223 1929 Aegrotantium,

217 1934 272 1968 20.
288 1935 376 1967 Dant
398 1934 582 1968 multifaria.
973 1936 1096 1968 Stabile
1121 1935 1278 1974 solatium,

285 1982 335 2014 Tu
360 1984 468 2014 tantae
492 1981 663 2023 potentiae,
972 1983 1071 2015 Nobis
1097 1983 1183 2014 adsis
1207 1984 1280 2022 post
1304 1981 1433 2015 obitum.

286 2030 410 2062 Tantae
435 2030 596 2072 victoriae,
969 2032 1048 2063 Post
1071 2030 1161 2062 istius
1186 2028 1303 2063 saeculi

285 2078 423 2110 Formae
447 2080 513 2109 tam
539 2077 683 2118 egregiae
902 2079 956 2111 50.
971 2077 1063 2108 Vitae
1088 2076 1159 2107 vilis
1184 2074 1351 2105 transitum

285 2125 391 2157 Mater
416 2127 448 2156 et
471 2124 547 2165 filia,
968 2124 1030 2155 Per
1052 2121 1195 2161 gratiam,
1252 2165 1257 2170 Ι

214 2172 270 2205 25.
285 2172 357 2204 Lux
380 2172 555 2204 munditiae
1013 2177 1074 2198 non
1099 2174 1158 2204 per
1181 2168 1327 2197 meritum

286 2219 495 2258 Genitrixque
518 2219 581 2258 pia,
966 2214 1072 2246 Ducas
1095 2220 1152 2242 nos
1177 2213 1219 2243 ad

284 2266 445 2300 Obedjunt
1000 2261 1120 2297 patrem
1148 2260 1180 2288 et
1203 2257 1312 2291 filium.

290 2319 358 2347 God.
377 2320 487 2347 Montis
501 2317 658 2345 Pessulani
671 2316 702 2342 H
723 2312 785 2342 196.
805 2321 879 2342 saec.
903 2310 945 2339 14-
958 2312 992 2338 A·
1015 2326 1048 2330 —
1065 2309 1133 2338 Cod-
1147 2312 1337 2350 Bambergen.
1354 2317 1408 2345 Ed.
1430 2319 1474 2346 IV
1488 2319 1513 2348 6.

212 2365 287 2387 saec.
313 2354 387 2384 1³l14.
409 2356 442 2384 B.
461 2371 501 2375 —
521 2354 565 2381 17.
588 2353 751 2381 Occurrunt
774 2349 899 2376 militiae
918 2349 951 2376 Β.
970 2364 1005 2368 -
1032 2346 1077 2376 18..
1097 2348 1179 2381 Quae
1198 2351 1255 2378 tibi
1281 2356 1403 2387 praevia
1422 2356 1455 2382 Β,
1476 2372 1515 2378 ἡ

212 2393 256 2423 20.
276 2394 349 2420 Tam
368 2392 530 2423 multifaria
548 2391 612 2418 AB.
