1653 2566
671 111 712 116 —
766 89 835 126 175
883 111 914 115 —

753 184 848 215 245.

399 258 435 289 In
454 258 556 290 Funus
580 259 681 290 sancti
701 259 823 291 Alberti
843 258 989 299 Episcopi
1014 257 1202 289 Leodiensis.

183 336 213 369 1.
240 337 374 369 Tui-mas
403 341 527 370 arment
553 338 770 374 Christicolae,
925 338 1031 377 Plagis
1059 336 1176 375 ubique
1199 334 1336 375 gentium

241 385 383 417 Devotae
408 384 483 417 Sion
510 385 594 417 filiae
925 385 1097 417 Gentilium

241 433 357 465 Coetus
382 432 465 464 cient
489 433 655 465 coelicolas
841 434 896 467 25.
921 432 1082 465 Perceliat
1102 429 1293 470 persecutio,

242 479 482 519 Triumphantis
506 479 650 520 militiae⁷
925 479 1095 512 Declinans
1119 479 1224 509 tamen
1249 476 1374 509 obvium

184 527 215 559 5.
241 528 414 567 Insurgant
436 527 628 568 ignominiae
924 525 1132 566 Naufragium

240 573 358 606 Matris
383 573 488 606 flentis
515 574 677 613 ecclesiae,
924 572 1109 612 Transsilio‚

242 621 330 660 Quae
357 629 510 653 concussa
530 620 680 653 barbarie
924 621 1015 659 Quod
1038 620 1165 659 eminet,
1192 618 1397 650 certaminum

241 668 387 708 Languet
411 668 515 700 occiso
539 668 687 708 praeside
843 669 897 702 30.
924 668 969 701 Et
993 668 1033 700 ad
1058 669 1169 707 portus
1193 664 1350 705 refugium

242 715 420 747 Proditoris
444 716 614 756 tyrannide
925 714 1069 755 Refugm,

161 763 216 795 io.
242 762 287 794 Et,
308 761 453 802 perfidae
925 762 989 794 Sed
1014 770 1082 793 oum
1106 761 1257 800 impendo
1282 758 1368 790 labio

243 809 354 842 Gentis
380 818 484 841 mersa
510 809 692 842 discrimine
923 809 1061 842 Lactans
1087 808 1197 848 palpat
1223 806 1371 848 proditio,

240 857 279 889 In
303 857 364 889 hac
386 856 498 888 mundi
521 856 672 896 voragine
923 856 1114 889 Decolorata
1137 854 1233 886 nimio

239 903 458 943 Membrisque
486 904 632 936 mutilata
843 906 897 937 35.
922 903 1061 936 Fraudis
1084 902 1195 934 trador
1219 900 1371 940 martyrio

242 950 383 983 Clamat:
409 951 548 992 vindica,
573 951 716 990 Domine,
924 950 1071 993 Consilio,

163 999 216 1031 15.
245 998 368 1030 Clamat
391 1006 539 1037 respersa
562 998 715 1037 sanguine
924 997 1022 1035 Quem
1046 999 1176 1028 satanae
1199 994 1370 1027 satellitum

241 1045 396 1076 Natorum
422 1048 454 1076 et
479 1044 655 1077 contamine
922 1044 967 1076 Et
994 1044 1122 1076 velitum

241 1093 356 1124 Mortis
382 1092 609 1131 contaminata3
924 1090 1060 1124 Condita
1084 1089 1160 1122 fello
1182 1089 1269 1121 fictio

244 1139 410 1179 Nunquam
435 1139 509 1171 talis
533 1139 691 1179 genimine
846 1136 896 1171 40.
925 1137 1108 1177 Praeripuit
1139 1137 1178 1168 de
1201 1136 1315 1178 medio²

245 1186 326 1218 Vitis
350 1185 517 1226 inebriata,
925 1186 1021 1224 Cujus
1045 1187 1079 1217 ut
1104 1184 1180 1216 solis
1203 1184 1293 1215 radio

163 1234 217 1266 20.
245 1233 337 1265 Licet
360 1242 410 1265 me
434 1232 640 1272 {ierosolymis
924 1232 968 1265 Et
991 1232 1059 1264 lilio
1085 1231 1272 1263 convallium

243 1280 417 1312 Acerrimis
925 1279 1079 1311 Leodium

246 1328 408 1359 Pressuris
435 1331 466 1359 et
490 1336 581 1367 quam
604 1327 749 1367 plurimis
927 1324 1099 1358 Pracfulsit
1122 1325 1295 1365 pontificio.

229 1411 310 1438 Cant.
338 1420 389 1438 ms.
417 1411 497 1439 Petri
525 1412 561 1438 dc
587 1411 709 1439 Medicis
736 1419 810 1438 eaeo.
840 1409 883 1438 123.
925 1409 992 1438 Cod.
1013 1410 1203 1437 Laurentian.
1224 1409 1266 1436 1²1.
1292 1406 1337 1436 29.
1367 1406 1390 1434 1.
1418 1423 1455 1426 -

163 1449 257 1476 illusi-t
274 1457 332 1476 von
353 1449 470 1483 LUwen,
490 1449 614 1477 Bischof
628 1457 687 1476 von
706 1448 834 1481 Ltsttirh,
856 1448 935 1475 ward
957 1445 1029 1476 1192
1049 1449 1096 1476 bei
1117 1448 1216 1475 Ϊίοἰιῐ]Υ
1238 1446 1390 1474 ermol-det.

555 1596 591 1628 In
611 1597 740 1629 Mortem
759 1596 898 1637 Philippi
917 1597 1058 1637 Augusti,

635 1677 725 1712 Regis
746 1676 871 1712 Galliae,
893 1674 974 1704 1223.

758 1752 858 1781 246.

152 1830 185 1862 1.
211 1828 417 1860 Alabastrum
442 1826 600 1867 frangitur
835 1830 867 1861 2.
894 1828 1083 1869 Decalvare,
1111 1829 1186 1867 filia,

212 1875 256 1908 Et
279 1877 402 1914 lampas
428 1875 648 1915 exstinguitur,
893 1876 1016 1917 Lugeat
1048 1876 1182 1907 ecclesia

258 1923 342 1954 Dum
368 1922 538 1962 Philippus
564 1923 714 1962 exspirat,
942 1923 1091 1955 Justitiae
1116 1923 1278 1963 cultorem,

213 1970 324 2004 Oleum
349 1968 529 2009 effunditur,
895 1971 1017 2011 Lugeat
1045 1970 1167 2010 militia,

212 2017 400 2060 Bethlehem
424 2017 596 2060 inungitur,
896 2017 1040 2058 Lugeant
1064 2021 1097 2049 et
1120 2018 1227 2050 studia

259 2065 437 2098 Jerusalem
469 2065 617 2104 respirat,
943 2065 1026 2098 Suae
1049 2065 1138 2105 pacis
1163 2068 1334 2105 auctorem,

215 2112 359 2147 Cometes
384 2111 585 2152 praesagium
897 2113 1010 2145 Vultus
1037 2114 1125 2152 cujus
1150 2112 1303 2154 dispares,

211 2160 316 2201 Regni
340 2163 465 2192 mutans
490 2160 604 2192 solium
897 2161 991 2192 Nunc
1015 2169 1137 2204 graves,
1164 2169 1247 2192 nunc
1270 2159 1389 2192 hilares

258 2207 376 2241 Mundi
400 2207 498 2240 solem
524 2207 683 2250 obscurat,
945 2208 1006 2241 Pro
1032 2211 1174 2247 tempore
1201 2208 1338 2247 fuerunt,

213 2258 309 2291 Ortus
335 2255 388 2287 hic
414 2254 570 2288 excidium
898 2255 1011 2287 Nullos
1037 2256 1066 2287 ei
1090 2264 1253 2296 compares

211 2304 255 2338 Et
281 2313 370 2336 coma
397 2302 556 2336 calvitium
900 2303 1037 2336 Karolos
1062 2306 1115 2336 aut
1142 2304 1302 2341 Caesares,

259 2353 372 2396 Tuum,
400 2351 486 2393 Sion,
511 2350 638 2392 figurat.
946 2352 1061 2384 Omnes
1087 2351 1116 2384 ei
1141 2353 1312 2386 cesserunt.
