<?xml version="1.0" encoding="UTF-8"?>
<!DOCTYPE html PUBLIC "-//W3C//DTD XHTML 1.0 Transitional//EN"
    "http://www.w3.org/TR/xhtml1/DTD/xhtml1-transitional.dtd">
<html xmlns="http://www.w3.org/1999/xhtml" xml:lang="en" lang="en">
 <head>
  <title>
</title>
<meta http-equiv="Content-Type" content="text/html;charset=utf-8" />
  <meta name='ocr-system' content='tesseract 3.04.00' />
  <meta name='ocr-capabilities' content='ocr_page ocr_carea ocr_par ocr_line ocrx_word'/>
</head>
<body>
  <div class='ocr_page' id='page_1' title='image "./analectahymnica21drevuoft_00115.png"; bbox 0 0 1653 2564; ppageno 0'>
   <div class='ocr_carea' id='block_1_1' title="bbox 769 116 1021 151">
    <p class='ocr_par' dir='ltr' id='par_1_1' title="bbox 769 116 1021 151">
     <span class='ocr_line' id='line_1_1' title="bbox 769 116 1021 151; baseline -0.004 0"><span class='ocrx_word' id='word_1_1' title='bbox 769 116 1021 151; x_wconf 38' lang='lat' dir='ltr'>-114ffl-</span> 
     </span>
    </p>
   </div>
   <div class='ocr_carea' id='block_1_2' title="bbox 663 209 1085 660">
    <p class='ocr_par' dir='ltr' id='par_1_2' title="bbox 663 209 1085 660">
     <span class='ocr_line' id='line_1_2' title="bbox 663 209 955 248; baseline -0.003 -6"><span class='ocrx_word' id='word_1_2' title='bbox 663 210 697 243; x_wconf 88' lang='grc'>9.</span> <span class='ocrx_word' id='word_1_3' title='bbox 720 209 807 248; x_wconf 87' lang='lat' dir='ltr'>Ergo</span> <span class='ocrx_word' id='word_1_4' title='bbox 831 209 955 241; x_wconf 87' lang='lat' dir='ltr'>veniam</span> 
     </span>
     <span class='ocr_line' id='line_1_3' title="bbox 761 255 883 287; baseline -0.016 0"><span class='ocrx_word' id='word_1_5' title='bbox 761 255 813 287; x_wconf 88' lang='lat' dir='ltr'>De</span> <span class='ocrx_word' id='word_1_6' title='bbox 836 256 883 286; x_wconf 93' lang='lat' dir='ltr'>rei</span> 
     </span>
     <span class='ocr_line' id='line_1_4' title="bbox 809 301 951 345; baseline 0.007 -13"><span class='ocrx_word' id='word_1_7' title='bbox 809 301 951 345; x_wconf 85' lang='lat' dir='ltr'>Miseria,</span> 
     </span>
     <span class='ocr_line' id='line_1_5' title="bbox 716 348 942 381; baseline -0.009 0"><span class='ocrx_word' id='word_1_8' title='bbox 716 348 763 381; x_wconf 90' lang='lat' dir='ltr'>Ut</span> <span class='ocrx_word' id='word_1_9' title='bbox 784 348 942 380; x_wconf 88' lang='lat' dir='ltr'>inveniam</span> 
     </span>
     <span class='ocr_line' id='line_1_6' title="bbox 767 394 903 426; baseline -0.007 0"><span class='ocrx_word' id='word_1_10' title='bbox 767 394 817 426; x_wconf 92' lang='lat' dir='ltr'>De</span> <span class='ocrx_word' id='word_1_11' title='bbox 841 394 903 426; x_wconf 91' lang='lat' dir='ltr'>Dei</span> 
     </span>
     <span class='ocr_line' id='line_1_7' title="bbox 812 441 988 474; baseline -0.011 0"><span class='ocrx_word' id='word_1_12' title='bbox 812 441 988 474; x_wconf 75' lang='lat' dir='ltr'>Clementia</span> 
     </span>
     <span class='ocr_line' id='line_1_8' title="bbox 716 486 1083 530; baseline -0.005 -11"><span class='ocrx_word' id='word_1_13' title='bbox 716 488 806 519; x_wconf 88' lang='lat' dir='ltr'>Haec</span> <span class='ocrx_word' id='word_1_14' title='bbox 830 490 862 519; x_wconf 91' lang='lat' dir='ltr'>et</span> <span class='ocrx_word' id='word_1_15' title='bbox 884 488 934 519; x_wconf 88' lang='lat' dir='ltr'>his</span> <span class='ocrx_word' id='word_1_16' title='bbox 959 486 1083 530; x_wconf 81' lang='lat' dir='ltr'>similia,</span> 
     </span>
     <span class='ocr_line' id='line_1_9' title="bbox 766 533 1081 576; baseline -0.006 -10"><span class='ocrx_word' id='word_1_17' title='bbox 766 534 856 573; x_wconf 78' lang='lat' dir='ltr'>Quod</span> <span class='ocrx_word' id='word_1_18' title='bbox 878 535 996 576; x_wconf 80' lang='lat' dir='ltr'>peregi,</span> <span class='ocrx_word' id='word_1_19' title='bbox 1020 533 1081 565; x_wconf 89' lang='lat' dir='ltr'>Dei</span> 
     </span>
     <span class='ocr_line' id='line_1_10' title="bbox 720 581 1085 622; baseline -0.005 -9"><span class='ocrx_word' id='word_1_20' title='bbox 720 581 794 613; x_wconf 84' lang='lat' dir='ltr'>Sola</span> <span class='ocrx_word' id='word_1_21' title='bbox 815 590 949 620; x_wconf 80' lang='lat' dir='ltr'>parcens</span> <span class='ocrx_word' id='word_1_22' title='bbox 974 581 1085 622; x_wconf 86' lang='lat' dir='ltr'>gratia,</span> 
     </span>
     <span class='ocr_line' id='line_1_11' title="bbox 764 628 1016 660; baseline 0 0"><span class='ocrx_word' id='word_1_23' title='bbox 764 628 922 660; x_wconf 75' lang='lat' dir='ltr'>Miserere</span> <span class='ocrx_word' id='word_1_24' title='bbox 945 628 1016 660; x_wconf 86' lang='lat' dir='ltr'>mei.</span> 
     </span>
    </p>
   </div>
   <div class='ocr_carea' id='block_1_3' title="bbox 246 699 1546 814">
    <p class='ocr_par' dir='ltr' id='par_1_3' title="bbox 246 699 1546 814">
     <span class='ocr_line' id='line_1_12' title="bbox 324 699 1545 731; baseline 0 -1"><span class='ocrx_word' id='word_1_25' title='bbox 324 702 406 730; x_wconf 83' lang='lat' dir='ltr'><strong>Cant.</strong></span> <span class='ocrx_word' id='word_1_26' title='bbox 426 710 479 730; x_wconf 85' lang='lat' dir='ltr'>ms.</span> <span class='ocrx_word' id='word_1_27' title='bbox 498 702 577 729; x_wconf 82' lang='lat' dir='ltr'>Petri</span> <span class='ocrx_word' id='word_1_28' title='bbox 600 703 634 730; x_wconf 88' lang='lat' dir='ltr'>de</span> <span class='ocrx_word' id='word_1_29' title='bbox 654 702 776 731; x_wconf 80' lang='lat' dir='ltr'>Medicis</span> <span class='ocrx_word' id='word_1_30' title='bbox 797 711 872 730; x_wconf 81' lang='lat' dir='ltr'>saec.</span> <span class='ocrx_word' id='word_1_31' title='bbox 891 701 934 730; x_wconf 86' lang='lat'>13.</span> <span class='ocrx_word' id='word_1_32' title='bbox 956 702 1025 731; x_wconf 86' lang='lat' dir='ltr'>Cod.</span> <span class='ocrx_word' id='word_1_33' title='bbox 1044 699 1234 729; x_wconf 85' lang='lat' dir='ltr'>Laurentian.</span> <span class='ocrx_word' id='word_1_34' title='bbox 1256 701 1297 728; x_wconf 87' lang='lat' dir='ltr'>Pl.</span> <span class='ocrx_word' id='word_1_35' title='bbox 1318 700 1363 729; x_wconf 84' lang='lat'>29.</span> <span class='ocrx_word' id='word_1_36' title='bbox 1386 701 1411 729; x_wconf 90' lang='lat'>1.</span> <span class='ocrx_word' id='word_1_37' title='bbox 1433 703 1545 731; x_wconf 65' lang='lat' dir='ltr'>enthiilt</span> 
     </span>
     <span class='ocr_line' id='line_1_13' title="bbox 246 739 1546 775; baseline 0.001 -8"><span class='ocrx_word' id='word_1_38' title='bbox 246 749 301 767; x_wconf 87' lang='lat' dir='ltr'>nur</span> <span class='ocrx_word' id='word_1_39' title='bbox 320 741 368 768; x_wconf 79' lang='lat' dir='ltr'>&lt;lie</span> <span class='ocrx_word' id='word_1_40' title='bbox 388 743 463 768; x_wconf 47' lang='lat' dir='ltr'>»rste</span> <span class='ocrx_word' id='word_1_41' title='bbox 477 739 602 775; x_wconf 85' lang='lat' dir='ltr'>Strophe</span> <span class='ocrx_word' id='word_1_42' title='bbox 622 741 672 768; x_wconf 89' lang='lat' dir='ltr'>des</span> <span class='ocrx_word' id='word_1_43' title='bbox 685 740 804 775; x_wconf 86' lang='lat' dir='ltr'>Liedes;</span> <span class='ocrx_word' id='word_1_44' title='bbox 825 741 873 768; x_wconf 87' lang='lat' dir='ltr'>die</span> <span class='ocrx_word' id='word_1_45' title='bbox 892 742 1029 769; x_wconf 86' lang='lat' dir='ltr'>weiteren</span> <span class='ocrx_word' id='word_1_46' title='bbox 1043 740 1108 767; x_wconf 86' lang='lat' dir='ltr'>sind</span> <span class='ocrx_word' id='word_1_47' title='bbox 1123 749 1153 767; x_wconf 87' lang='lat' dir='ltr'>er</span> <span class='ocrx_word' id='word_1_48' title='bbox 1174 741 1241 767; x_wconf 68' lang='lat' dir='ltr'>anzt</span> <span class='ocrx_word' id='word_1_49' title='bbox 1254 748 1307 767; x_wconf 85' lang='lat' dir='ltr'>aus</span> <span class='ocrx_word' id='word_1_50' title='bbox 1322 739 1415 767; x_wconf 86' lang='lat' dir='ltr'>Carm.</span> <span class='ocrx_word' id='word_1_51' title='bbox 1428 741 1546 768; x_wconf 77' lang='lat' dir='ltr'>Burana</span> 
     </span>
     <span class='ocr_line' id='line_1_14' title="bbox 247 775 1507 814; baseline 0.001 -9"><span class='ocrx_word' id='word_1_52' title='bbox 247 776 264 793; x_wconf 73' lang='lat'>9</span> <span class='ocrx_word' id='word_1_53' title='bbox 279 787 321 814; x_wconf 85' lang='lat' dir='ltr'>sq.</span> <span class='ocrx_word' id='word_1_54' title='bbox 341 779 374 806; x_wconf 89' lang='lat' dir='ltr'>B.</span> <span class='ocrx_word' id='word_1_55' title='bbox 394 795 432 799; x_wconf 89' lang='lat'>—</span> <span class='ocrx_word' id='word_1_56' title='bbox 452 775 481 812; x_wconf 80' lang='lat'>2,</span> <span class='ocrx_word' id='word_1_57' title='bbox 498 776 518 805; x_wconf 99' lang='lat'>4</span> <span class='ocrx_word' id='word_1_58' title='bbox 537 786 580 813; x_wconf 88' lang='lat' dir='ltr'>sq.</span> <span class='ocrx_word' id='word_1_59' title='bbox 599 779 710 806; x_wconf 86' lang='lat' dir='ltr'>Verum</span> <span class='ocrx_word' id='word_1_60' title='bbox 728 779 845 814; x_wconf 83' lang='lat' dir='ltr'>penitus</span> <span class='ocrx_word' id='word_1_61' title='bbox 866 787 885 806; x_wconf 86' lang='lat' dir='ltr'>a</span> <span class='ocrx_word' id='word_1_62' title='bbox 903 779 977 806; x_wconf 86' lang='lat' dir='ltr'>falso</span> <span class='ocrx_word' id='word_1_63' title='bbox 997 778 1031 804; x_wconf 92' lang='lat' dir='ltr'>B.</span> <span class='ocrx_word' id='word_1_64' title='bbox 1052 792 1090 797; x_wconf 96' lang='lat'><strong>—</strong></span> <span class='ocrx_word' id='word_1_65' title='bbox 1109 776 1136 812; x_wconf 86' lang='lat'>5,</span> <span class='ocrx_word' id='word_1_66' title='bbox 1188 787 1230 814; x_wconf 85' lang='lat' dir='ltr'>sq.</span> <span class='ocrx_word' id='word_1_67' title='bbox 1251 778 1365 806; x_wconf 83' lang='lat' dir='ltr'>Dianae</span> <span class='ocrx_word' id='word_1_68' title='bbox 1386 778 1457 813; x_wconf 85' lang='lat' dir='ltr'>quid</span> <span class='ocrx_word' id='word_1_69' title='bbox 1475 780 1507 806; x_wconf 91' lang='lat' dir='ltr'>B.</span> 
     </span>
    </p>
   </div>
   <div class='ocr_carea' id='block_1_4' title="bbox 593 889 1195 994">
    <p class='ocr_par' dir='ltr' id='par_1_4' title="bbox 593 889 1195 994">
     <span class='ocr_line' id='line_1_15' title="bbox 852 889 944 920; baseline -0.011 -1"><span class='ocrx_word' id='word_1_70' title='bbox 852 889 944 920; x_wconf 65' lang='lat'>16¹7.</span> 
     </span>
     <span class='ocr_line' id='line_1_16' title="bbox 593 951 1195 994; baseline -0.002 -11"><span class='ocrx_word' id='word_1_71' title='bbox 593 952 637 985; x_wconf 87' lang='lat' dir='ltr'>De</span> <span class='ocrx_word' id='word_1_72' title='bbox 656 951 778 994; x_wconf 84' lang='lat' dir='ltr'>triplici</span> <span class='ocrx_word' id='word_1_73' title='bbox 798 953 921 985; x_wconf 81' lang='lat' dir='ltr'>inimico</span> <span class='ocrx_word' id='word_1_74' title='bbox 937 961 993 985; x_wconf 82' lang='lat' dir='ltr'>nos</span> <span class='ocrx_word' id='word_1_75' title='bbox 1014 952 1195 984; x_wconf 85' lang='lat' dir='ltr'>infestante.</span> 
     </span>
    </p>
   </div>
   <div class='ocr_carea' id='block_1_5' title="bbox 250 1027 785 1164">
    <p class='ocr_par' dir='ltr' id='par_1_5' title="bbox 250 1027 785 1164">
     <span class='ocr_line' id='line_1_17' title="bbox 250 1027 778 1069; baseline -0.004 -8"><span class='ocrx_word' id='word_1_76' title='bbox 250 1029 281 1061; x_wconf 86' lang='lat'>1.</span> <span class='ocrx_word' id='word_1_77' title='bbox 306 1028 449 1068; x_wconf 84' lang='lat' dir='ltr'>Regnum</span> <span class='ocrx_word' id='word_1_78' title='bbox 473 1027 535 1059; x_wconf 91' lang='lat' dir='ltr'>Dei</span> <span class='ocrx_word' id='word_1_79' title='bbox 558 1028 623 1059; x_wconf 88' lang='lat' dir='ltr'>vim</span> <span class='ocrx_word' id='word_1_80' title='bbox 645 1029 778 1069; x_wconf 85' lang='lat' dir='ltr'>patitur⁷</span> 
     </span>
     <span class='ocr_line' id='line_1_18' title="bbox 306 1074 785 1115; baseline 0 -9"><span class='ocrx_word' id='word_1_81' title='bbox 306 1074 376 1106; x_wconf 84' lang='lat' dir='ltr'>Nec</span> <span class='ocrx_word' id='word_1_82' title='bbox 399 1075 476 1106; x_wconf 89' lang='lat' dir='ltr'>illuc</span> <span class='ocrx_word' id='word_1_83' title='bbox 501 1074 569 1114; x_wconf 86' lang='lat' dir='ltr'>quis</span> <span class='ocrx_word' id='word_1_84' title='bbox 594 1074 785 1115; x_wconf 71' lang='lat' dir='ltr'>admittitur,</span> 
     </span>
     <span class='ocr_line' id='line_1_19' title="bbox 358 1121 757 1164; baseline -0.003 -11"><span class='ocrx_word' id='word_1_85' title='bbox 358 1122 430 1153; x_wconf 74' lang='lat' dir='ltr'>Nisi</span> <span class='ocrx_word' id='word_1_86' title='bbox 450 1130 485 1152; x_wconf 90' lang='lat' dir='ltr'>se</span> <span class='ocrx_word' id='word_1_87' title='bbox 506 1121 609 1161; x_wconf 88' lang='lat' dir='ltr'>ipsum</span> <span class='ocrx_word' id='word_1_88' title='bbox 634 1122 757 1164; x_wconf 79' lang='lat' dir='ltr'>vicerit,</span> 
     </span>
    </p>
   </div>
   <div class='ocr_carea' id='block_1_6' title="bbox 356 1169 837 1210">
    <p class='ocr_par' dir='ltr' id='par_1_6' title="bbox 356 1169 837 1210">
     <span class='ocr_line' id='line_1_20' title="bbox 356 1169 837 1210; baseline 0 -10"><span class='ocrx_word' id='word_1_89' title='bbox 356 1169 452 1207; x_wconf 83' lang='lat' dir='ltr'>Quem</span> <span class='ocrx_word' id='word_1_90' title='bbox 473 1169 583 1210; x_wconf 83' lang='lat' dir='ltr'>judex,</span> <span class='ocrx_word' id='word_1_91' title='bbox 610 1169 638 1200; x_wconf 89' lang='lat' dir='ltr'>si</span> <span class='ocrx_word' id='word_1_92' title='bbox 663 1169 837 1209; x_wconf 81' lang='lat' dir='ltr'>advenerit,</span> 
     </span>
    </p>
   </div>
   <div class='ocr_carea' id='block_1_7' title="bbox 305 1215 713 1303">
    <p class='ocr_par' dir='ltr' id='par_1_7' title="bbox 305 1215 713 1303">
     <span class='ocr_line' id='line_1_21' title="bbox 353 1215 516 1248; baseline -0.012 0"><span class='ocrx_word' id='word_1_93' title='bbox 353 1215 516 1248; x_wconf 88' lang='lat' dir='ltr'>Invenerit</span> 
     </span>
     <span class='ocr_line' id='line_1_22' title="bbox 305 1263 713 1303; baseline 0.002 -9"><span class='ocrx_word' id='word_1_94' title='bbox 305 1263 476 1303; x_wconf 81' lang='lat' dir='ltr'>Victorem,</span> <span class='ocrx_word' id='word_1_95' title='bbox 503 1263 713 1296; x_wconf 85' lang='lat' dir='ltr'>coronabitur.</span> 
     </span>
    </p>
   </div>
   <div class='ocr_carea' id='block_1_8' title="bbox 249 1318 774 1362">
    <p class='ocr_par' dir='ltr' id='par_1_8' title="bbox 249 1318 774 1362">
     <span class='ocr_line' id='line_1_23' title="bbox 249 1318 774 1362; baseline -0.002 -11"><span class='ocrx_word' id='word_1_96' title='bbox 249 1321 281 1353; x_wconf 87' lang='lat'>2.</span> <span class='ocrx_word' id='word_1_97' title='bbox 304 1319 394 1351; x_wconf 80' lang='lat' dir='ltr'>Inter</span> <span class='ocrx_word' id='word_1_98' title='bbox 418 1327 476 1350; x_wconf 89' lang='lat' dir='ltr'>nos</span> <span class='ocrx_word' id='word_1_99' title='bbox 501 1318 620 1350; x_wconf 89' lang='lat' dir='ltr'>bellum</span> <span class='ocrx_word' id='word_1_100' title='bbox 644 1320 774 1362; x_wconf 81' lang='lat' dir='ltr'>geritur,</span> 
     </span>
    </p>
   </div>
   <div class='ocr_carea' id='block_1_9' title="bbox 307 1366 869 1407">
    <p class='ocr_par' dir='ltr' id='par_1_9' title="bbox 307 1366 869 1407">
     <span class='ocr_line' id='line_1_24' title="bbox 307 1366 869 1407; baseline 0.002 -10"><span class='ocrx_word' id='word_1_101' title='bbox 307 1366 396 1404; x_wconf 72' lang='lat' dir='ltr'>Quod</span> <span class='ocrx_word' id='word_1_102' title='bbox 414 1367 467 1397; x_wconf 80' lang='lat' dir='ltr'>vix</span> <span class='ocrx_word' id='word_1_103' title='bbox 484 1368 537 1396; x_wconf 86' lang='lat' dir='ltr'>aut</span> <span class='ocrx_word' id='word_1_104' title='bbox 550 1375 708 1405; x_wconf 88' lang='lat' dir='ltr'>nunquam</span> <span class='ocrx_word' id='word_1_105' title='bbox 723 1367 869 1407; x_wconf 83' lang='lat' dir='ltr'>vincitur,</span> 
     </span>
    </p>
   </div>
   <div class='ocr_carea' id='block_1_10' title="bbox 353 1412 781 1455">
    <p class='ocr_par' dir='ltr' id='par_1_10' title="bbox 353 1412 781 1455">
     <span class='ocr_line' id='line_1_25' title="bbox 353 1412 781 1455; baseline 0 -12"><span class='ocrx_word' id='word_1_106' title='bbox 353 1412 436 1443; x_wconf 90' lang='lat' dir='ltr'>Dum</span> <span class='ocrx_word' id='word_1_107' title='bbox 463 1420 535 1443; x_wconf 85' lang='lat' dir='ltr'>caro</span> <span class='ocrx_word' id='word_1_108' title='bbox 562 1413 644 1444; x_wconf 90' lang='lat' dir='ltr'>vires</span> <span class='ocrx_word' id='word_1_109' title='bbox 671 1413 781 1455; x_wconf 83' lang='lat' dir='ltr'>exerit,</span> 
     </span>
    </p>
   </div>
   <div class='ocr_carea' id='block_1_11' title="bbox 354 1459 869 1503">
    <p class='ocr_par' dir='ltr' id='par_1_11' title="bbox 354 1459 869 1503">
     <span class='ocr_line' id='line_1_26' title="bbox 354 1459 869 1503; baseline 0.002 -13"><span class='ocrx_word' id='word_1_110' title='bbox 354 1459 389 1491; x_wconf 88' lang='lat' dir='ltr'>Si</span> <span class='ocrx_word' id='word_1_111' title='bbox 405 1467 492 1490; x_wconf 89' lang='lat' dir='ltr'>mens</span> <span class='ocrx_word' id='word_1_112' title='bbox 509 1459 542 1490; x_wconf 92' lang='lat' dir='ltr'>in</span> <span class='ocrx_word' id='word_1_113' title='bbox 559 1459 604 1498; x_wconf 85' lang='lat' dir='ltr'>id,</span> <span class='ocrx_word' id='word_1_114' title='bbox 623 1461 706 1499; x_wconf 90' lang='lat' dir='ltr'>quod</span> <span class='ocrx_word' id='word_1_115' title='bbox 721 1460 869 1503; x_wconf 81' lang='lat' dir='ltr'>suggerit,</span> 
     </span>
    </p>
   </div>
   <div class='ocr_carea' id='block_1_12' title="bbox 306 1505 741 1591">
    <p class='ocr_par' dir='ltr' id='par_1_12' title="bbox 306 1505 741 1591">
     <span class='ocr_line' id='line_1_27' title="bbox 353 1505 562 1546; baseline -0.01 -8"><span class='ocrx_word' id='word_1_116' title='bbox 353 1505 562 1546; x_wconf 88' lang='lat' dir='ltr'>Consenserit,</span> 
     </span>
     <span class='ocr_line' id='line_1_28' title="bbox 306 1552 741 1591; baseline 0.005 -8"><span class='ocrx_word' id='word_1_117' title='bbox 306 1552 419 1584; x_wconf 85' lang='lat' dir='ltr'>Statim</span> <span class='ocrx_word' id='word_1_118' title='bbox 445 1553 571 1591; x_wconf 88' lang='lat' dir='ltr'>captiva</span> <span class='ocrx_word' id='word_1_119' title='bbox 594 1554 741 1586; x_wconf 79' lang='lat' dir='ltr'>trahitur.</span> 
     </span>
    </p>
   </div>
   <div class='ocr_carea' id='block_1_13' title="bbox 928 1027 1334 1067">
    <p class='ocr_par' dir='ltr' id='par_1_13' title="bbox 928 1027 1334 1067">
     <span class='ocr_line' id='line_1_29' title="bbox 928 1027 1334 1067; baseline -0.01 -5"><span class='ocrx_word' id='word_1_120' title='bbox 928 1031 959 1062; x_wconf 86' lang='lat'>3.</span> <span class='ocrx_word' id='word_1_121' title='bbox 984 1028 1023 1061; x_wconf 88' lang='lat' dir='ltr'>In</span> <span class='ocrx_word' id='word_1_122' title='bbox 1048 1027 1179 1067; x_wconf 88' lang='lat' dir='ltr'>spiritus</span> <span class='ocrx_word' id='word_1_123' title='bbox 1204 1027 1334 1059; x_wconf 78' lang='lat' dir='ltr'>exitium</span> 
     </span>
    </p>
   </div>
   <div class='ocr_carea' id='block_1_14' title="bbox 984 1074 1482 1302">
    <p class='ocr_par' dir='ltr' id='par_1_14' title="bbox 987 1074 1482 1255">
     <span class='ocr_line' id='line_1_30' title="bbox 987 1074 1482 1117; baseline -0.002 -10"><span class='ocrx_word' id='word_1_124' title='bbox 987 1074 1077 1117; x_wconf 86' lang='lat' dir='ltr'>Caro,</span> <span class='ocrx_word' id='word_1_125' title='bbox 1103 1075 1248 1115; x_wconf 89' lang='lat' dir='ltr'>mundus,</span> <span class='ocrx_word' id='word_1_126' title='bbox 1276 1075 1482 1114; x_wconf 23' lang='lat' dir='ltr'>daemonium,</span> 
     </span>
     <span class='ocr_line' id='line_1_31' title="bbox 1031 1120 1469 1161; baseline 0.005 -9"><span class='ocrx_word' id='word_1_127' title='bbox 1031 1120 1109 1153; x_wconf 89' lang='lat' dir='ltr'>Pari</span> <span class='ocrx_word' id='word_1_128' title='bbox 1134 1122 1316 1161; x_wconf 86' lang='lat' dir='ltr'>conspirant</span> <span class='ocrx_word' id='word_1_129' title='bbox 1339 1121 1469 1154; x_wconf 82' lang='lat' dir='ltr'>foedere</span> 
     </span>
     <span class='ocr_line' id='line_1_32' title="bbox 1033 1168 1469 1211; baseline 0.005 -12"><span class='ocrx_word' id='word_1_130' title='bbox 1033 1168 1169 1208; x_wconf 89' lang='lat' dir='ltr'>Parique</span> <span class='ocrx_word' id='word_1_131' title='bbox 1193 1171 1317 1200; x_wconf 85' lang='lat' dir='ltr'>certant</span> <span class='ocrx_word' id='word_1_132' title='bbox 1340 1169 1469 1211; x_wconf 87' lang='lat' dir='ltr'>scelere,</span> 
     </span>
     <span class='ocr_line' id='line_1_33' title="bbox 1032 1215 1240 1255; baseline 0.005 -9"><span class='ocrx_word' id='word_1_133' title='bbox 1032 1215 1240 1255; x_wconf 88' lang='lat' dir='ltr'>Perrumpere</span> 
     </span>
    </p>

    <p class='ocr_par' dir='ltr' id='par_1_15' title="bbox 984 1262 1346 1302">
     <span class='ocr_line' id='line_1_34' title="bbox 984 1262 1346 1302; baseline -0.003 -8"><span class='ocrx_word' id='word_1_134' title='bbox 984 1262 1121 1294; x_wconf 80' lang='lat' dir='ltr'>Virtutis</span> <span class='ocrx_word' id='word_1_135' title='bbox 1146 1262 1346 1302; x_wconf 77' lang='lat' dir='ltr'>adiutorium.</span> 
     </span>
    </p>
   </div>
   <div class='ocr_carea' id='block_1_15' title="bbox 927 1317 1388 1352">
    <p class='ocr_par' dir='ltr' id='par_1_16' title="bbox 927 1317 1388 1352">
     <span class='ocr_line' id='line_1_35' title="bbox 927 1317 1388 1352; baseline -0.004 0"><span class='ocrx_word' id='word_1_136' title='bbox 927 1321 960 1352; x_wconf 88' lang='lat'>4.</span> <span class='ocrx_word' id='word_1_137' title='bbox 986 1318 1050 1351; x_wconf 83' lang='lat' dir='ltr'>Sed</span> <span class='ocrx_word' id='word_1_138' title='bbox 1073 1321 1235 1351; x_wconf 84' lang='lat' dir='ltr'>armatura</span> <span class='ocrx_word' id='word_1_139' title='bbox 1256 1317 1388 1350; x_wconf 83' lang='lat' dir='ltr'>fortium</span> 
     </span>
    </p>
   </div>
   <div class='ocr_carea' id='block_1_16' title="bbox 985 1363 1487 1587">
    <p class='ocr_par' dir='ltr' id='par_1_17' title="bbox 986 1363 1487 1546">
     <span class='ocr_line' id='line_1_36' title="bbox 986 1363 1440 1406; baseline 0.002 -10"><span class='ocrx_word' id='word_1_140' title='bbox 986 1363 1124 1405; x_wconf 85' lang='lat' dir='ltr'>Superbi</span> <span class='ocrx_word' id='word_1_141' title='bbox 1148 1365 1266 1406; x_wconf 86' lang='lat' dir='ltr'>frangit</span> <span class='ocrx_word' id='word_1_142' title='bbox 1290 1367 1440 1406; x_wconf 82' lang='lat' dir='ltr'>gladium,</span> 
     </span>
     <span class='ocr_line' id='line_1_37' title="bbox 1033 1412 1487 1454; baseline 0.004 -11"><span class='ocrx_word' id='word_1_143' title='bbox 1033 1412 1165 1452; x_wconf 87' lang='lat' dir='ltr'>Sumpta</span> <span class='ocrx_word' id='word_1_144' title='bbox 1190 1413 1293 1445; x_wconf 86' lang='lat' dir='ltr'>carnis</span> <span class='ocrx_word' id='word_1_145' title='bbox 1319 1422 1358 1445; x_wconf 82' lang='lat' dir='ltr'>ex</span> <span class='ocrx_word' id='word_1_146' title='bbox 1383 1422 1487 1454; x_wconf 87' lang='lat' dir='ltr'>opere,</span> 
     </span>
     <span class='ocr_line' id='line_1_38' title="bbox 1037 1460 1478 1499; baseline 0.002 -8"><span class='ocrx_word' id='word_1_147' title='bbox 1037 1460 1083 1492; x_wconf 90' lang='lat' dir='ltr'>Ut</span> <span class='ocrx_word' id='word_1_148' title='bbox 1106 1468 1215 1499; x_wconf 88' lang='lat' dir='ltr'>gressu</span> <span class='ocrx_word' id='word_1_149' title='bbox 1238 1460 1352 1491; x_wconf 89' lang='lat' dir='ltr'>mentis</span> <span class='ocrx_word' id='word_1_150' title='bbox 1377 1461 1478 1492; x_wconf 82' lang='lat' dir='ltr'>libere</span> 
     </span>
     <span class='ocr_line' id='line_1_39' title="bbox 1034 1505 1210 1546; baseline 0 -9"><span class='ocrx_word' id='word_1_151' title='bbox 1034 1505 1210 1546; x_wconf 86' lang='lat' dir='ltr'>Confugere</span> 
     </span>
    </p>

    <p class='ocr_par' dir='ltr' id='par_1_18' title="bbox 985 1553 1429 1587">
     <span class='ocr_line' id='line_1_40' title="bbox 985 1553 1429 1587; baseline 0.002 -2"><span class='ocrx_word' id='word_1_152' title='bbox 985 1553 1092 1585; x_wconf 85' lang='lat' dir='ltr'>Possit</span> <span class='ocrx_word' id='word_1_153' title='bbox 1115 1553 1156 1584; x_wconf 88' lang='lat' dir='ltr'>ad</span> <span class='ocrx_word' id='word_1_154' title='bbox 1180 1554 1246 1585; x_wconf 86' lang='lat' dir='ltr'>alta</span> <span class='ocrx_word' id='word_1_155' title='bbox 1268 1554 1429 1587; x_wconf 89' lang='lat' dir='ltr'>montium.</span> 
     </span>
    </p>
   </div>
   <div class='ocr_carea' id='block_1_17' title="bbox 249 1623 1548 1740">
    <p class='ocr_par' dir='ltr' id='par_1_19' title="bbox 249 1623 1548 1732">
     <span class='ocr_line' id='line_1_41' title="bbox 325 1623 1548 1656; baseline 0.002 -2"><span class='ocrx_word' id='word_1_156' title='bbox 325 1626 394 1654; x_wconf 86' lang='lat' dir='ltr'>Cod.</span> <span class='ocrx_word' id='word_1_157' title='bbox 416 1628 556 1655; x_wconf 71' lang='lat' dir='ltr'>oxonien.</span> <span class='ocrx_word' id='word_1_158' title='bbox 577 1627 747 1654; x_wconf 82' lang='lat' dir='ltr'>Rawlinson</span> <span class='ocrx_word' id='word_1_159' title='bbox 768 1626 790 1654; x_wconf 92' lang='lat' dir='ltr'>C</span> <span class='ocrx_word' id='word_1_160' title='bbox 809 1625 864 1654; x_wconf 83' lang='lat'>510</span> <span class='ocrx_word' id='word_1_161' title='bbox 898 1635 973 1654; x_wconf 87' lang='lat' dir='ltr'>saec.</span> <span class='ocrx_word' id='word_1_162' title='bbox 998 1623 1041 1653; x_wconf 85' lang='lat'>13.</span> <span class='ocrx_word' id='word_1_163' title='bbox 1060 1626 1094 1652; x_wconf 90' lang='lat' dir='ltr'>A.</span> <span class='ocrx_word' id='word_1_164' title='bbox 1115 1641 1151 1645; x_wconf 89' lang='lat'>—</span> <span class='ocrx_word' id='word_1_165' title='bbox 1174 1626 1255 1654; x_wconf 83' lang='lat' dir='ltr'>Cant.</span> <span class='ocrx_word' id='word_1_166' title='bbox 1272 1636 1324 1654; x_wconf 89' lang='lat' dir='ltr'>ms.</span> <span class='ocrx_word' id='word_1_167' title='bbox 1339 1627 1420 1655; x_wconf 84' lang='lat' dir='ltr'>Petri</span> <span class='ocrx_word' id='word_1_168' title='bbox 1438 1629 1474 1655; x_wconf 90' lang='lat' dir='ltr'>de</span> <span class='ocrx_word' id='word_1_169' title='bbox 1486 1629 1548 1656; x_wconf 85' lang='lat' dir='ltr'>Me-</span> 
     </span>
     <span class='ocr_line' id='line_1_42' title="bbox 250 1661 1547 1699; baseline 0.003 -10"><span class='ocrx_word' id='word_1_170' title='bbox 250 1663 293 1690; x_wconf 87' lang='lat' dir='ltr'>di</span> <span class='ocrx_word' id='word_1_171' title='bbox 289 1665 313 1690; x_wconf 90' lang='lat' dir='ltr'>i.</span> <span class='ocrx_word' id='word_1_172' title='bbox 355 1672 421 1691; x_wconf 83' lang='lat' dir='ltr'>sae</span> <span class='ocrx_word' id='word_1_173' title='bbox 453 1661 496 1692; x_wconf 81' lang='grc'>13.</span> <span class='ocrx_word' id='word_1_174' title='bbox 518 1664 587 1691; x_wconf 80' lang='lat' dir='ltr'>God.</span> <span class='ocrx_word' id='word_1_175' title='bbox 608 1665 797 1692; x_wconf 77' lang='lat' dir='ltr'>Laurentian.</span> <span class='ocrx_word' id='word_1_176' title='bbox 817 1662 1009 1692; x_wconf 82' lang='lat' dir='ltr'>P1.29.1.B.</span> <span class='ocrx_word' id='word_1_177' title='bbox 1030 1679 1067 1683; x_wconf 24' lang='grc' dir='ltr'>ἢ</span> <span class='ocrx_word' id='word_1_178' title='bbox 1089 1663 1426 1699; x_wconf 75' lang='lat' dir='ltr'>Ood.Gue1fenbyteran.</span> <span class='ocrx_word' id='word_1_179' title='bbox 1446 1667 1547 1694; x_wconf 86' lang='lat' dir='ltr'>Helm-</span> 
     </span>
     <span class='ocr_line' id='line_1_43' title="bbox 249 1699 1548 1740; baseline 0.001 -12"><span class='ocrx_word' id='word_1_180' title='bbox 249 1701 370 1728; x_wconf 74' lang='lat' dir='ltr'>stadim.</span> <span class='ocrx_word' id='word_1_181' title='bbox 392 1700 455 1729; x_wconf 67' lang='lat'>628.</span> <span class='ocrx_word' id='word_1_182' title='bbox 489 1710 563 1729; x_wconf 83' lang='lat' dir='ltr'>saec.</span> <span class='ocrx_word' id='word_1_183' title='bbox 587 1699 630 1729; x_wconf 87' lang='lat'>13.</span> <span class='ocrx_word' id='word_1_184' title='bbox 652 1702 682 1729; x_wconf 89' lang='lat' dir='ltr'>C.</span> <span class='ocrx_word' id='word_1_185' title='bbox 702 1716 741 1721; x_wconf 90' lang='lat'>-—</span> <span class='ocrx_word' id='word_1_186' title='bbox 759 1702 784 1728; x_wconf 91' lang='lat' dir='ltr'>B</span> <span class='ocrx_word' id='word_1_187' title='bbox 803 1701 855 1728; x_wconf 87' lang='lat' dir='ltr'>hat</span> <span class='ocrx_word' id='word_1_188' title='bbox 873 1711 928 1729; x_wconf 85' lang='lat' dir='ltr'>nur</span> <span class='ocrx_word' id='word_1_189' title='bbox 948 1701 995 1730; x_wconf 82' lang='lat' dir='ltr'>die</span> <span class='ocrx_word' id='word_1_190' title='bbox 1009 1704 1085 1728; x_wconf 83' lang='lat' dir='ltr'>erste</span> <span class='ocrx_word' id='word_1_191' title='bbox 1097 1701 1163 1729; x_wconf 84' lang='lat' dir='ltr'>Stro</span> <span class='ocrx_word' id='word_1_192' title='bbox 1165 1703 1229 1738; x_wconf 85' lang='lat' dir='ltr'>p.he</span> <span class='ocrx_word' id='word_1_193' title='bbox 1250 1716 1287 1721; x_wconf 82' lang='lat'>—</span> <span class='ocrx_word' id='word_1_194' title='bbox 1308 1702 1333 1738; x_wconf 84' lang='lat'>1,</span> <span class='ocrx_word' id='word_1_195' title='bbox 1347 1702 1366 1730; x_wconf 86' lang='lat'>4</span> <span class='ocrx_word' id='word_1_196' title='bbox 1385 1703 1443 1731; x_wconf 81' lang='lat' dir='ltr'>Sed</span> <span class='ocrx_word' id='word_1_197' title='bbox 1463 1713 1548 1740; x_wconf 86' lang='lat' dir='ltr'>quem</span> 
     </span>
    </p>
   </div>
   <div class='ocr_carea' id='block_1_18' title="bbox 244 1736 1548 1814">
    <p class='ocr_par' dir='ltr' id='par_1_20' title="bbox 244 1736 1548 1814">
     <span class='ocr_line' id='line_1_44' title="bbox 244 1736 1548 1775; baseline 0.003 -10"><span class='ocrx_word' id='word_1_198' title='bbox 244 1737 335 1772; x_wconf 87' lang='lat' dir='ltr'>judex</span> <span class='ocrx_word' id='word_1_199' title='bbox 355 1747 420 1766; x_wconf 85' lang='lat' dir='ltr'>cum</span> <span class='ocrx_word' id='word_1_200' title='bbox 439 1747 512 1766; x_wconf 78' lang='lat' dir='ltr'>vene</span> <span class='ocrx_word' id='word_1_201' title='bbox 514 1740 554 1766; x_wconf 89' lang='lat' dir='ltr'>rit</span> <span class='ocrx_word' id='word_1_202' title='bbox 573 1739 603 1766; x_wconf 80' lang='grc' dir='ltr'>Ο.</span> <span class='ocrx_word' id='word_1_203' title='bbox 628 1754 665 1758; x_wconf 90' lang='lat'>—</span> <span class='ocrx_word' id='word_1_204' title='bbox 693 1737 717 1773; x_wconf 87' lang='lat'>1,</span> <span class='ocrx_word' id='word_1_205' title='bbox 738 1736 755 1766; x_wconf 83' lang='lat'>5</span> <span class='ocrx_word' id='word_1_206' title='bbox 777 1739 997 1775; x_wconf 84' lang='lat' dir='ltr'>Consumpserit</span> <span class='ocrx_word' id='word_1_207' title='bbox 1016 1738 1055 1774; x_wconf 81' lang='grc'>0,·</span> <span class='ocrx_word' id='word_1_208' title='bbox 1075 1741 1232 1775; x_wconf 87' lang='lat' dir='ltr'>sumpserit</span> <span class='ocrx_word' id='word_1_209' title='bbox 1251 1740 1285 1768; x_wconf 91' lang='lat' dir='ltr'>A.</span> <span class='ocrx_word' id='word_1_210' title='bbox 1306 1755 1343 1759; x_wconf 96' lang='lat'>—</span> <span class='ocrx_word' id='word_1_211' title='bbox 1362 1739 1426 1774; x_wconf 80' lang='lat'>4,1</span> <span class='ocrx_word' id='word_1_212' title='bbox 1447 1742 1481 1770; x_wconf 80' lang='lat' dir='ltr'>Si</span> <span class='ocrx_word' id='word_1_213' title='bbox 1501 1751 1548 1771; x_wconf 80' lang='lat' dir='ltr'>ar-</span> 
     </span>
     <span class='ocr_line' id='line_1_45' title="bbox 249 1775 1307 1814; baseline 0.003 -12"><span class='ocrx_word' id='word_1_214' title='bbox 249 1778 363 1804; x_wconf 81' lang='lat' dir='ltr'>matura</span> <span class='ocrx_word' id='word_1_215' title='bbox 383 1777 442 1805; x_wconf 83' lang='lat' dir='ltr'>AC.</span> <span class='ocrx_word' id='word_1_216' title='bbox 461 1791 499 1796; x_wconf 88' lang='lat'>—</span> <span class='ocrx_word' id='word_1_217' title='bbox 520 1776 576 1804; x_wconf 83' lang='lat' dir='ltr'>Cfr.</span> <span class='ocrx_word' id='word_1_218' title='bbox 595 1776 758 1805; x_wconf 83' lang='lat' dir='ltr'>Milchsack</span> <span class='ocrx_word' id='word_1_219' title='bbox 780 1775 842 1804; x_wconf 78' lang='grc'>185.</span> <span class='ocrx_word' id='word_1_220' title='bbox 863 1792 900 1797; x_wconf 83' lang='lat'><strong>—</strong></span> <span class='ocrx_word' id='word_1_221' title='bbox 919 1778 976 1805; x_wconf 89' lang='lat' dir='ltr'>Die</span> <span class='ocrx_word' id='word_1_222' title='bbox 994 1777 1154 1804; x_wconf 75' lang='lat' dir='ltr'>Aufschrift</span> <span class='ocrx_word' id='word_1_223' title='bbox 1173 1779 1255 1814; x_wconf 83' lang='lat' dir='ltr'>giebt</span> <span class='ocrx_word' id='word_1_224' title='bbox 1272 1778 1307 1805; x_wconf 88' lang='lat' dir='ltr'>A.</span> 
     </span>
    </p>
   </div>
   <div class='ocr_carea' id='block_1_19' title="bbox 851 1889 945 1920">
    <p class='ocr_par' dir='ltr' id='par_1_21' title="bbox 851 1889 945 1920">
     <span class='ocr_line' id='line_1_46' title="bbox 851 1889 945 1920; baseline 0.021 -2"><span class='ocrx_word' id='word_1_225' title='bbox 851 1889 945 1920; x_wconf 79' lang='lat'><strong>168.</strong></span> 
     </span>
    </p>
   </div>
   <div class='ocr_carea' id='block_1_20' title="bbox 671 1953 1134 1985">
    <p class='ocr_par' dir='ltr' id='par_1_22' title="bbox 671 1953 1134 1985">
     <span class='ocr_line' id='line_1_47' title="bbox 671 1953 1134 1985; baseline -0.002 0"><span class='ocrx_word' id='word_1_226' title='bbox 671 1953 845 1985; x_wconf 80' lang='lat' dir='ltr'>Altercatio</span> <span class='ocrx_word' id='word_1_227' title='bbox 867 1953 968 1985; x_wconf 80' lang='lat' dir='ltr'>cordis</span> <span class='ocrx_word' id='word_1_228' title='bbox 992 1954 1023 1984; x_wconf 85' lang='lat' dir='ltr'>et</span> <span class='ocrx_word' id='word_1_229' title='bbox 1043 1954 1134 1985; x_wconf 82' lang='lat' dir='ltr'>oculi.</span> 
     </span>
    </p>
   </div>
   <div class='ocr_carea' id='block_1_21' title="bbox 251 2028 819 2397">
    <p class='ocr_par' dir='ltr' id='par_1_23' title="bbox 251 2028 819 2397">
     <span class='ocr_line' id='line_1_48' title="bbox 251 2028 746 2069; baseline -0.002 -9"><span class='ocrx_word' id='word_1_230' title='bbox 251 2028 280 2060; x_wconf 89' lang='lat'>1.</span> <span class='ocrx_word' id='word_1_231' title='bbox 306 2029 452 2069; x_wconf 71' lang='lat' dir='ltr'>Quisquis</span> <span class='ocrx_word' id='word_1_232' title='bbox 478 2028 582 2060; x_wconf 88' lang='lat' dir='ltr'>cordis</span> <span class='ocrx_word' id='word_1_233' title='bbox 608 2031 640 2060; x_wconf 93' lang='lat' dir='ltr'>et</span> <span class='ocrx_word' id='word_1_234' title='bbox 663 2028 746 2061; x_wconf 91' lang='lat' dir='ltr'>oculi</span> 
     </span>
     <span class='ocr_line' id='line_1_49' title="bbox 353 2075 799 2117; baseline 0 -9"><span class='ocrx_word' id='word_1_235' title='bbox 353 2076 426 2108; x_wconf 85' lang='lat' dir='ltr'>Non</span> <span class='ocrx_word' id='word_1_236' title='bbox 450 2076 547 2107; x_wconf 86' lang='lat' dir='ltr'>sentit</span> <span class='ocrx_word' id='word_1_237' title='bbox 570 2076 604 2107; x_wconf 87' lang='lat' dir='ltr'>in</span> <span class='ocrx_word' id='word_1_238' title='bbox 628 2085 662 2107; x_wconf 88' lang='lat' dir='ltr'>se</span> <span class='ocrx_word' id='word_1_239' title='bbox 683 2075 799 2117; x_wconf 87' lang='lat' dir='ltr'>jurgia,</span> 
     </span>
     <span class='ocr_line' id='line_1_50' title="bbox 306 2122 819 2165; baseline 0 -11"><span class='ocrx_word' id='word_1_240' title='bbox 306 2122 379 2155; x_wconf 85' lang='lat' dir='ltr'>Non</span> <span class='ocrx_word' id='word_1_241' title='bbox 402 2123 499 2165; x_wconf 81' lang='lat' dir='ltr'>novit,</span> <span class='ocrx_word' id='word_1_242' title='bbox 527 2123 580 2162; x_wconf 89' lang='lat' dir='ltr'>qui</span> <span class='ocrx_word' id='word_1_243' title='bbox 602 2123 666 2155; x_wconf 88' lang='lat' dir='ltr'>sint</span> <span class='ocrx_word' id='word_1_244' title='bbox 689 2123 819 2163; x_wconf 79' lang='lat' dir='ltr'>stimuli,</span> 
     </span>
     <span class='ocr_line' id='line_1_51' title="bbox 355 2170 780 2212; baseline 0.002 -11"><span class='ocrx_word' id='word_1_245' title='bbox 355 2170 441 2208; x_wconf 77' lang='lat' dir='ltr'>Quae</span> <span class='ocrx_word' id='word_1_246' title='bbox 469 2170 580 2208; x_wconf 84' lang='lat' dir='ltr'>culpae</span> <span class='ocrx_word' id='word_1_247' title='bbox 603 2170 780 2212; x_wconf 82' lang='lat' dir='ltr'>seminaria,</span> 
     </span>
     <span class='ocr_line' id='line_1_52' title="bbox 309 2216 734 2255; baseline -0.005 -6"><span class='ocrx_word' id='word_1_248' title='bbox 309 2217 443 2249; x_wconf 89' lang='lat' dir='ltr'>Causam</span> <span class='ocrx_word' id='word_1_249' title='bbox 466 2216 568 2247; x_wconf 89' lang='lat' dir='ltr'>nescit</span> <span class='ocrx_word' id='word_1_250' title='bbox 591 2217 734 2255; x_wconf 82' lang='lat' dir='ltr'>periculi,</span> 
     </span>
     <span class='ocr_line' id='line_1_53' title="bbox 355 2262 776 2305; baseline -0.005 -10"><span class='ocrx_word' id='word_1_251' title='bbox 355 2264 419 2296; x_wconf 86' lang='lat' dir='ltr'>Cur</span> <span class='ocrx_word' id='word_1_252' title='bbox 443 2263 602 2295; x_wconf 85' lang='lat' dir='ltr'>alternent</span> <span class='ocrx_word' id='word_1_253' title='bbox 625 2262 776 2305; x_wconf 83' lang='lat' dir='ltr'>convicia,</span> 
     </span>
     <span class='ocr_line' id='line_1_54' title="bbox 308 2309 739 2350; baseline 0 -9"><span class='ocrx_word' id='word_1_254' title='bbox 308 2309 371 2341; x_wconf 86' lang='lat' dir='ltr'>Cur</span> <span class='ocrx_word' id='word_1_255' title='bbox 394 2318 545 2350; x_wconf 85' lang='lat' dir='ltr'>procaces</span> <span class='ocrx_word' id='word_1_256' title='bbox 570 2311 601 2341; x_wconf 88' lang='lat' dir='ltr'>et</span> <span class='ocrx_word' id='word_1_257' title='bbox 624 2309 739 2341; x_wconf 89' lang='lat' dir='ltr'>aemuli</span> 
     </span>
     <span class='ocr_line' id='line_1_55' title="bbox 353 2356 744 2397; baseline 0.003 -9"><span class='ocrx_word' id='word_1_258' title='bbox 353 2357 521 2397; x_wconf 88' lang='lat' dir='ltr'>Replicent</span> <span class='ocrx_word' id='word_1_259' title='bbox 541 2357 574 2388; x_wconf 90' lang='lat' dir='ltr'>in</span> <span class='ocrx_word' id='word_1_260' title='bbox 598 2365 632 2388; x_wconf 92' lang='lat' dir='ltr'>se</span> <span class='ocrx_word' id='word_1_261' title='bbox 657 2356 744 2389; x_wconf 82' lang='lat' dir='ltr'>vitia.</span> 
     </span>
    </p>
   </div>
   <div class='ocr_carea' id='block_1_22' title="bbox 928 2028 1506 2391">
    <p class='ocr_par' dir='ltr' id='par_1_24' title="bbox 928 2028 1506 2391">
     <span class='ocr_line' id='line_1_56' title="bbox 928 2028 1424 2063; baseline -0.004 -1"><span class='ocrx_word' id='word_1_262' title='bbox 928 2031 959 2062; x_wconf 85' lang='lat'>2.</span> <span class='ocrx_word' id='word_1_263' title='bbox 987 2028 1049 2061; x_wconf 91' lang='lat' dir='ltr'>Cor</span> <span class='ocrx_word' id='word_1_264' title='bbox 1073 2029 1120 2060; x_wconf 89' lang='lat' dir='ltr'>sic</span> <span class='ocrx_word' id='word_1_265' title='bbox 1143 2028 1258 2063; x_wconf 83' lang='lat' dir='ltr'>affatur</span> <span class='ocrx_word' id='word_1_266' title='bbox 1282 2029 1424 2060; x_wconf 85' lang='lat' dir='ltr'>oculum:</span> 
     </span>
     <span class='ocr_line' id='line_1_57' title="bbox 1032 2076 1450 2116; baseline -0.002 -9"><span class='ocrx_word' id='word_1_267' title='bbox 1032 2076 1079 2107; x_wconf 86' lang='lat' dir='ltr'>Te</span> <span class='ocrx_word' id='word_1_268' title='bbox 1102 2077 1226 2115; x_wconf 84' lang='lat' dir='ltr'>peccati</span> <span class='ocrx_word' id='word_1_269' title='bbox 1250 2076 1450 2116; x_wconf 87' lang='lat' dir='ltr'>principium,</span> 
     </span>
     <span class='ocr_line' id='line_1_58' title="bbox 985 2122 1459 2165; baseline -0.002 -11"><span class='ocrx_word' id='word_1_270' title='bbox 985 2123 1031 2155; x_wconf 87' lang='lat' dir='ltr'>Te</span> <span class='ocrx_word' id='word_1_271' title='bbox 1055 2122 1207 2165; x_wconf 79' lang='lat' dir='ltr'>fomitem,</span> <span class='ocrx_word' id='word_1_272' title='bbox 1233 2126 1266 2154; x_wconf 87' lang='lat' dir='ltr'>te</span> <span class='ocrx_word' id='word_1_273' title='bbox 1290 2123 1459 2161; x_wconf 83' lang='lat' dir='ltr'>stimulum,</span> 
     </span>
     <span class='ocr_line' id='line_1_59' title="bbox 1032 2169 1500 2208; baseline -0.004 -7"><span class='ocrx_word' id='word_1_274' title='bbox 1032 2169 1079 2201; x_wconf 88' lang='lat' dir='ltr'>Te</span> <span class='ocrx_word' id='word_1_275' title='bbox 1102 2179 1180 2201; x_wconf 87' lang='lat' dir='ltr'>voco</span> <span class='ocrx_word' id='word_1_276' title='bbox 1204 2170 1315 2201; x_wconf 86' lang='lat' dir='ltr'>mortis</span> <span class='ocrx_word' id='word_1_277' title='bbox 1338 2169 1500 2208; x_wconf 82' lang='lat' dir='ltr'>nuntiun13</span> 
     </span>
     <span class='ocr_line' id='line_1_60' title="bbox 985 2216 1443 2255; baseline -0.004 -7"><span class='ocrx_word' id='word_1_278' title='bbox 985 2216 1044 2254; x_wconf 82' lang='lat' dir='ltr'>Tu,</span> <span class='ocrx_word' id='word_1_279' title='bbox 1072 2217 1181 2248; x_wconf 88' lang='lat' dir='ltr'>domus</span> <span class='ocrx_word' id='word_1_280' title='bbox 1205 2224 1294 2249; x_wconf 80' lang='lat' dir='ltr'>meae</span> <span class='ocrx_word' id='word_1_281' title='bbox 1314 2216 1443 2255; x_wconf 82' lang='lat' dir='ltr'>janitor,</span> 
     </span>
     <span class='ocr_line' id='line_1_61' title="bbox 1030 2263 1506 2304; baseline -0.002 -10"><span class='ocrx_word' id='word_1_282' title='bbox 1030 2263 1125 2296; x_wconf 88' lang='lat' dir='ltr'>Hosti</span> <span class='ocrx_word' id='word_1_283' title='bbox 1148 2272 1211 2295; x_wconf 86' lang='lat' dir='ltr'>non</span> <span class='ocrx_word' id='word_1_284' title='bbox 1235 2263 1357 2296; x_wconf 83' lang='lat' dir='ltr'>claudis</span> <span class='ocrx_word' id='word_1_285' title='bbox 1381 2263 1506 2304; x_wconf 78' lang='lat' dir='ltr'>ostium,</span> 
     </span>
     <span class='ocr_line' id='line_1_62' title="bbox 983 2309 1334 2350; baseline -0.003 -9"><span class='ocrx_word' id='word_1_286' title='bbox 983 2309 1165 2342; x_wconf 87' lang='lat' dir='ltr'>Familiaris</span> <span class='ocrx_word' id='word_1_287' title='bbox 1188 2309 1334 2350; x_wconf 83' lang='lat' dir='ltr'>proditor</span> 
     </span>
     <span class='ocr_line' id='line_1_63' title="bbox 1029 2356 1435 2391; baseline 0.007 -3"><span class='ocrx_word' id='word_1_288' title='bbox 1029 2356 1183 2390; x_wconf 85' lang='lat' dir='ltr'>Admittis</span> <span class='ocrx_word' id='word_1_289' title='bbox 1207 2356 1435 2391; x_wconf 80' lang='lat' dir='ltr'>adversarium.</span> 
     </span>
    </p>
   </div>
  </div>
 </body>
</html>
