1653 2566
648 70 903 107 -159—

529 169 559 201 3.
586 167 741 201 Palatium
767 168 891 199 animae

584 214 662 247 Suos
683 215 782 247 habet
803 215 942 254 angulos,

583 261 686 301 Super
710 270 787 302 quos
813 261 943 301 erigitur

583 310 695 342 Turris
721 308 927 351 fortitudinis,

584 355 722 388 Primum
746 359 834 388 tenet
858 355 1004 395 angulum

585 404 759 436 Prudentia
781 402 924 443 vigilans,

584 451 754 484 Fortitudo
779 450 923 493 alterum,

583 497 714 530 Justitia
737 498 875 538 tertium,

582 545 733 584 Quartum
757 543 977 584 temperantia.

206 608 288 637 Cant.
317 617 369 637 ms.
397 610 476 637 Petri
502 609 537 636 de
557 609 679 637 Medicis
707 616 782 637 saec.
812 607 855 637 13
896 607 965 636 Cod.
988 608 1124 635 Laui-ent.
1150 606 1195 634 Pl.
1218 604 1263 633 29.
1291 603 1315 632 1.
1336 605 1370 632 Λ-

131 646 199 675 Cntl.
217 647 472 682 Guelfenbyteran.
487 647 698 675 Helmstadien.
714 645 777 674 628.
792 655 867 674 saec.
881 643 925 673 13.
943 646 974 672 Β.
989 660 1026 665 -
1036 646 1060 672 Β
1074 645 1125 672 hat
1137 652 1192 671 nur
1205 642 1223 670 2
1234 643 1387 679 Stroplwn.

130 685 164 712 Iu
192 685 248 712 den
272 685 376 712 beiden
403 686 499 712 ersten
520 684 666 720 Strophen
692 686 802 712 reimen
822 684 869 712 ‹lie
888 683 950 711 sich
972 681 1217 718 entsprechenden
1237 681 1345 708 Zeilen.
1387 681 1433 707 Da

130 723 183 749 Nr.
206 723 224 750 3
241 723 328 750 keine
347 723 449 751 Reime
472 722 617 755 aufweist,
643 723 684 750 ist
701 731 739 749 zu
758 724 923 755 vex-mutem,
951 721 1014 748 dass
1037 719 1213 747 mindestens
1234 721 1299 747 eine
1318 718 1435 745 weitere

132 760 259 795 Strophe
279 761 412 788 verloren
432 760 479 787 ist.
500 774 538 780 -—
559 759 614 788 Cfr.
633 759 797 788 Milchsack
818 758 881 788 205.

737 835 833 865 222.

501 890 543 921 De
563 889 652 920 Prole
673 890 812 930 ingenua
833 889 864 920 et
885 887 1076 919 adulterina.

133 949 161 981 1.
189 948 281 987 Vide,
307 958 369 989 quo
393 949 479 982 fastu
502 950 659 990 iuniperis
812 952 843 983 3.
869 950 894 982 O
919 949 1036 981 sterilis
1061 948 1250 987 fecunditas,

236 995 283 1029 Ob
306 1000 474 1036 parentum
499 996 669 1040 fastigium,
917 997 1014 1035 Inops
1040 998 1184 1028 natorum
1211 994 1311 1034 copia,

191 1045 346 1082 Quantum
372 1042 476 1075 famae
499 1045 668 1084 pertuleris
874 1043 938 1075 Sua
961 1052 1037 1082 quos
1062 1045 1177 1081 aequat
1199 1042 1342 1081 pravitas

235 1090 280 1121 Et
304 1090 432 1123 honoris
459 1092 669 1131 dispendium,
915 1090 961 1122 Et
984 1092 1149 1129 parentum
1175 1088 1334 1128 spurcitia.

191 1137 268 1168 Cum
294 1141 399 1169 certus
424 1139 561 1170 nondum
587 1138 695 1176 fueris,
871 1137 1007 1176 Quorum
1032 1137 1113 1168 solet
1135 1136 1322 1176 improbitas

237 1184 326 1223 Quod
352 1185 396 1216 sis
422 1187 527 1225 proles
552 1186 716 1220 nobilium,
918 1184 980 1216 Hic
999 1184 1135 1224 jaculari
1159 1184 1275 1223 turpia,

189 1231 347 1269 Alienum,
376 1241 435 1271 quo
460 1232 580 1276 niteris,
872 1233 958 1272 Quae
984 1231 1111 1271 collegit
1133 1230 1301 1263 infirmitas

237 1279 306 1317 Qua
330 1278 434 1311 fronte
458 1278 539 1311 facis
562 1280 737 1319 proprium.
918 1279 970 1312 Ex
993 1279 1080 1318 turpi
1105 1278 1306 1311 conscientia.

132 1337 162 1369 2.
190 1334 239 1367 Ex
265 1336 422 1374 corruptis
447 1336 613 1368 arboribus
813 1339 844 1370 4.
871 1336 966 1375 Quam
992 1334 1102 1367 felices
1126 1334 1264 1374 ingenui,

235 1383 373 1415 Fructus
399 1392 529 1423 sapores
555 1384 701 1422 alterann
917 1383 1002 1416 Vero
1026 1382 1175 1422 producti
1198 1381 1348 1423 germine,

189 1430 346 1462 Maternis
372 1439 411 1462 ex
436 1431 573 1462 reatibus
872 1431 908 1462 In
937 1438 1068 1469 quorum
1093 1432 1201 1469 patres
1227 1430 1341 1461 mortui

233 1478 399 1510 Haeredes
424 1477 471 1509 sic
496 1478 697 1520 degenerant,
919 1476 1114 1510 Redivivunt
1137 1476 1281 1519 imagine,

192 1524 274 1557 Hinc
300 1528 419 1567 errant,
446 1526 499 1564 qui
524 1525 682 1557 nobilibus
871 1525 949 1556 Tam
973 1525 1091 1556 virtute
1116 1524 1286 1568 conspicui,

239 1572 409 1604 Natulares
434 1576 668 1615 connumerant,
920 1570 1021 1612 Quam
1047 1579 1197 1611 generoso
1223 1571 1384 1611 sanguine,

189 1619 389 1652 Adulterinis
412 1620 553 1652 moribus
863 1619 1043 1659 Tamquam
1068 1618 1130 1652 rivi
1153 1617 1296 1650 melliflui

235 1667 294 1705 Qui
310 1669 446 1699 matrum
463 1666 583 1706 probra
600 1670 751 1700 reserant.
916 1667 1028 1699 Fontis
1053 1664 1155 1698 fluunt
1180 1666 1358 1698 dulcedine.

205 1727 289 1755 Cant.
317 1737 369 1755 ms.
396 1728 478 1755 Petri
503 1728 539 1756 de
557 1727 680 1756 Medicis
707 1736 781 1756 saec.
807 1725 848 1756 13.
890 1726 958 1756 God.
981 1727 1170 1755 Laurentian.
1198 1727 1243 1754 Pl.
1268 1725 1314 1755 29.
1345 1726 1369 1755 1.

131 1762 157 1797 4,
179 1764 197 1793 4
215 1765 286 1794 Lies
305 1766 517 1793 Reviviseunt?

417 1839 461 1870 De
484 1839 756 1879 circumspectione
775 1838 806 1871 in
830 1838 939 1871 dandis
959 1839 1146 1870 muneribus.

741 1899 838 1929 228.

132 1956 162 1988 1.
188 1955 294 1988 Debet
317 1965 353 1988 se
377 1956 620 1998 circumspicere
814 1960 844 1990 2.
871 1958 953 1996 Quid
976 1958 1070 1996 juvat
1093 1959 1182 1997 gutta
1205 1957 1335 1988 minima

186 2003 289 2037 Dator
310 2004 343 2036 in
370 2003 475 2036 dando
496 2012 634 2043 munere,
872 2004 1002 2036 Stillans
1029 2004 1069 2037 de
1092 2003 1176 2036 nube
1200 2004 1360 2036 maxima?

235 2051 320 2092 QuiS‚
335 2050 421 2093 quid,
438 2051 487 2082 oui
502 2051 556 2083 det
569 2053 755 2092 etqualiter‚
920 2051 953 2084 Si
979 2052 1048 2091 quis
1073 2052 1242 2084 scintillam
1268 2051 1388 2091 adjicit,

239 2099 284 2132 Ut
309 2098 429 2130 cunctis
454 2098 630 2130 liberaliter
919 2099 1006 2138 Rogo
1030 2098 1116 2141 quid,
1142 2108 1228 2139 rogo,
1254 2098 1403 2139 proficit?

189 2146 273 2187 Fiat,
301 2147 357 2178 sed
383 2145 485 2178 modis
510 2146 618 2186 variis,
873 2146 941 2178 Nec
965 2146 1065 2186 obest,
1091 2155 1158 2178 cum
1187 2146 1394 2183 subtrahitur,

191 2194 265 2228 Plus
291 2193 372 2234 istis,
391 2193 493 2225 minus
518 2193 601 2237 aliis,
872 2193 940 2225 Nec
964 2193 1096 2233 prodest
1120 2202 1189 2225 cum
1214 2193 1381 2234 adjicitur3

192 2242 253 2276 Pro
277 2242 463 2273 meritorum
487 2241 632 2280 pondere
871 2241 940 2275 Tua
963 2243 1104 2280 potestas
1128 2241 1275 2285 maxima,

236 2289 287 2322 Sit
309 2298 428 2329 aequus
451 2288 672 2331 inaequaliter,
918 2289 953 2321 Si
976 2289 1135 2328 promissa
1158 2299 1219 2322 non
1246 2288 1381 2331 perficit,

188 2340 226 2372 In
253 2337 367 2370 dandis
392 2335 554 2368 beneficiis
871 2336 959 2369 Nihil
986 2337 1087 2377 egisse
1113 2338 1263 2377 creditur,

188 2385 280 2419 Nihil
305 2393 401 2426 agens
425 2386 640 2427 praepostere.
871 2383 935 2416 Sed
957 2385 1094 2423 primum
1117 2385 1256 2426 probant
1279 2386 1400 2421 ultima.
