1653 2564
765 117 994 152 -18-

633 213 663 245 3,
691 211 784 250 Quid,
810 221 865 244 cor
889 220 1046 251 asperum,

734 257 796 290 Gor
819 267 896 290 saxo
922 258 1041 298 durius,

685 304 747 337 Tot
771 303 892 338 fructus
917 313 1046 345 operum

733 351 817 390 Quid
840 352 950 384 reddis
972 350 1110 383 melius?

686 398 737 431 Ne
762 398 871 431 dolore
894 399 1057 431 vulnerum

733 445 878 486 Frangar
900 446 961 477 Dei
985 445 1080 484 filius,

687 493 798 525 Vicem
823 501 915 533 quam
936 492 1110 532 rependis?

688 540 791 579 Quare
811 549 875 571 non
899 539 1048 579 attendis,

686 586 761 626 Quis
786 589 843 627 est,
870 595 961 626 quem
986 585 1144 618 offendis?

734 633 821 674 Ergo
846 633 986 673 prudens
1010 633 1068 673 ire,

733 679 827 712 Diem
852 680 1048 720 praevenire,

737 725 882 759 Judicem
906 727 1007 759 lenire

692 774 800 817 Cures,
826 783 922 814 opere

688 820 783 853 Hunc
807 821 1008 862 amplectere,

690 867 750 907 Qui
773 868 832 900 tibi
856 868 988 901 brachia

738 914 855 948 Tendit
875 916 1063 950 immolatus.

316 980 385 1007 cod.
412 980 552 1008 Oxonien.
580 980 750 1008 Rawlinson
778 980 802 1007 C
827 978 891 1008 510.
917 988 992 1007 saec.
1019 977 1061 1007 13.
1088 979 1122 1006 A.
1147 996 1185 1000 -
1212 980 1293 1007 Cant.
1321 988 1373 1007 mS.
1398 980 1479 1008 Petri
1504 981 1540 1007 de

239 1018 361 1047 Modinis
389 1026 463 1045 sace.
491 1016 534 1046 13.
568 1018 636 1046 Cod.
662 1018 851 1045 Laurentian.
882 1018 927 1045 Pl.
953 1016 998 1045 29.
1026 1016 1050 1044 1.
1078 1018 1111 1043 B.
1139 1034 1142 1038 -
1201 1020 1287 1052 Trnp.
1314 1027 1367 1045 ms.
1392 1025 1466 1045 saec.
1497 1016 1539 1046 13.

241 1056 309 1084 Cod.
339 1056 539 1090 Stuttgartisn.
564 1056 629 1083 ΗΒ.
649 1055 664 1083 Ι
683 1056 750 1082 Asc.
777 1054 822 1083 95.
844 1056 876 1084 C.
903 1071 940 1076 --
965 1055 1034 1083 Cod.
1055 1055 1308 1091 Guelfenbyteran.
1328 1055 1539 1083 Helmsiarlien.

243 1092 298 1121 629»
319 1102 393 1120 saec.
417 1090 459 1120 13.
474 1094 511 1120 D.
559 1111 567 1112 ff
590 1092 614 1126 1,
635 1091 652 1120 6
675 1093 718 1120 nil
738 1092 862 1120 destruit
875 1094 910 1126 D,
931 1093 973 1120 nil
989 1092 1122 1120 destituit
1133 1095 1167 1121 A.
1188 1108 1225 1112 —
1247 1092 1271 1126 1,
1291 1092 1308 1119 7
1322 1093 1410 1120 Eruit
1422 1096 1541 1120 aeterna

240 1132 275 1158 A.
306 1146 341 1150 —
368 1128 394 1163 2,
415 1128 432 1157 9
452 1131 557 1158 Manus
579 1130 651 1158 fehlt
669 1131 702 1157 B.
728 1144 765 1148 --
793 1129 820 1163 2,
843 1129 877 1158 15
896 1132 952 1158 Per
971 1130 1027 1157 hoc
1045 1131 1082 1157 D.
1102 1145 1139 1150 --
1160 1131 1216 1158 Str.
1236 1129 1254 1159 3
1274 1131 1347 1158 fehlt
1364 1131 1398 1157 B.
1418 1144 1455 1148 —
1474 1129 1501 1165 3,
1524 1129 1539 1158 1

242 1169 266 1197 Ο
288 1177 337 1196 cor
357 1176 491 1203 asperum
505 1169 538 1195 A.
560 1183 595 1187 -
617 1165 642 1203 W,
663 1181 680 1195 t*
701 1168 763 1196 Nec
784 1169 884 1196 dolore
899 1169 933 1196 A.
954 1183 990 1187 -
1011 1168 1067 1196 Gfr.
1084 1168 1247 1196 Milchsack
1263 1166 1324 1196 166.
1345 1182 1381 1187 —
1400 1168 1457 1195 Die
1468 1169 1540 1196 Auf-

245 1206 346 1234 schrift
364 1206 446 1241 giebt
463 1206 497 1233 A.

848 1318 917 1348 10.

668 1383 807 1413 Planctus
829 1383 937 1413 Christi
956 1382 1115 1412 morientis.

242 1454 274 1486 1.
298 1452 410 1491 Homo7
436 1452 519 1491 vide,
919 1453 950 1483 2.
977 1451 1049 1491 Eia,
1075 1451 1178 1491 homo,
1204 1461 1302 1491 quaro

348 1507 428 1538 quae
452 1508 509 1538 pro
532 1501 564 1529 te
586 1497 701 1538 patior,
1025 1498 1160 1537 teipsum
1186 1497 1345 1538 negligis?

303 1546 337 1579 Si
363 1548 411 1576 ost
437 1546 527 1577 dolor
978 1545 1091 1576 Vultus
1116 1546 1301 1585 adspectum

349 1593 442 1632 sicut,
469 1602 529 1632 quo
557 1592 688 1632 crucior,
1025 1600 1122 1631 quare
1144 1602 1205 1624 non
1233 1592 1364 1633 corrigis

299 1640 353 1672 Ad
377 1642 410 1670 te
435 1640 546 1680 clamo,
978 1639 1022 1671 Et
1046 1647 1102 1670 cur
1124 1639 1268 1671 affectum

349 1687 401 1726 qui
424 1695 482 1725 pro
507 1689 540 1718 ‘te
563 1686 691 1725 morior,
1024 1686 1066 1717 ad
1089 1695 1139 1718 me
1163 1696 1227 1719 non
1253 1687 1389 1727 dirigis?

301 1734 382 1766 Vide
406 1742 534 1773 poenas,
977 1733 1086 1771 Erras,
1114 1735 1187 1767 dum
1213 1734 1390 1774 quempiam

347 1780 460 1820 quibus
485 1779 617 1822 afficior,
1023 1780 1096 1820 plus
1121 1791 1213 1821 quam
1238 1790 1289 1812 me
1315 1782 1429 1822 diligis.

301 1828 384 1861 Vide
408 1827 524 1867 clavos,
979 1827 1061 1859 Nam
1087 1831 1262 1860 creaturam

346 1875 458 1915 quibus
482 1874 655 1917 confodior,
1027 1877 1059 1906 te
1083 1874 1144 1907 feci
1170 1876 1316 1915 nobilem,

300 1924 377 1957 Cum
403 1922 445 1954 sit
469 1925 574 1954 tantus
979 1923 1146 1961 Adspectu
1167 1923 1346 1965 pulchrum,

351 1970 441 2002 dolor
467 1969 614 2009 exterior,
1026 1969 1254 2012 rationabilem,

303 2017 442 2051 Interior
986 2017 1109 2049 Natura
1132 2018 1241 2049 mitem

346 2065 493 2104 planctus
518 2067 566 2096 est
589 2064 725 2105 gravior,
1028 2067 1060 2095 et
1083 2065 1277 2097 amicabilem

299 2113 378 2145 Tam
402 2112 560 2153 ingratum
981 2111 1161 2152 Summique
1186 2112 1260 2144 boni

348 2159 422 2191 dum
445 2162 479 2191 ‘te
502 2159 659 2199 experior.
1029 2160 1329 2192 communicabilem.

679 2225 710 2256 3.
736 2222 781 2254 Et
805 2225 839 2254 tu
864 2223 1021 2263 serpentis

782 2270 932 2301 seductus
955 2269 1082 2303 flatibus

733 2316 918 2356 illaqueasti

781 2369 814 2395 te
837 2364 948 2396 mortis
973 2364 1115 2404 nexibus,
