1653 2564
245 173 276 206 3.
302 172 408 205 Morte
432 174 535 206 earnis
561 175 711 213 propriae

303 219 491 252 Resurrexit,
514 220 618 262 hodie,

302 266 522 306 Triumphavit

348 316 517 352 tyrannum
540 312 710 355 nequitiae,

301 359 489 391 Resurrexit

347 405 441 437 hodie
461 414 517 438 rex
540 406 669 445 gloriae.

241 489 273 520 4.
297 488 407 528 Agnus
431 489 630 522 innocentiae

298 535 486 567 Resurrexit
507 536 614 577 hodie,

299 581 481 615 Debellavit

344 630 522 670 principem
548 630 699 670 malitiae,

297 676 486 709 Resurrexit,

344 724 440 757 hodie
463 733 521 756 rex
544 725 673 765 gloriae.

242 811 273 843 5.
299 809 404 841 Radix
429 809 538 850 stirpis
563 809 668 850 regiae

296 856 484 888 Resurrexit
508 857 613 898 hodie,

300 903 384 935 Vicit
407 903 456 935 leo

341 951 464 982 leonem
496 951 674 994 superbiae,

296 997 483 1029 Resurrexit

344 1044 438 1078 hodie
461 1054 518 1077 rex
542 1046 673 1086 gloriae.

924 177 954 207 6.
981 175 1071 206 Perit
1094 184 1155 207 vox
1179 176 1337 216 tristitiae,

982 221 1170 252 Resurrexit
1194 221 1297 262 hodie,

981 266 1149 298 Servitutis

1026 313 1111 352 perit
1137 322 1197 345 vox
1220 314 1408 356 moestitiae,

980 359 1166 391 Resurrexit

1027 406 1122 438 hodie
1146 414 1203 437 rex
1227 405 1356 446 gloriae.

946 516 953 523 .
981 490 1080 522 Verus
1105 491 1153 522 sol
1175 489 1320 529 justitiae

979 537 1167 569 Resurrexit
1188 537 1291 580 hodie,

977 584 1195 616 Hebraeorum

1023 634 1187 664 transeunt
1209 631 1373 673 reliquiae,

977 679 1165 711 Resurrexit

1024 726 1118 758 hodie
1143 735 1200 758 rex
1225 725 1354 766 gloriae.

943 839 949 845 .
977 811 1144 843 Gaudeant
1168 811 1330 852 ecelesiae,

978 858 1166 890 Resurrexit,
1188 857 1294 899 hodie,

976 905 1067 937 Haec
1091 908 1139 937 est
1165 905 1231 937 dies

1023 956 1171 985 aeternae
1200 952 1378 996 memoriae,

976 1000 1166 1032 Resurrexit

1023 1047 1119 1079 hodie
1142 1056 1199 1080 rex
1224 1046 1353 1087 gloriae.

578 1133 609 1164 9.
636 1130 684 1163 Sit
707 1132 777 1163 laus
801 1131 868 1172 regi
893 1132 1021 1176 gloriae,

634 1179 694 1218 Qui
717 1180 857 1210 surrexit,
880 1179 984 1219 hodie,

633 1225 683 1257 Sit
705 1235 764 1266 per
789 1228 903 1258 cuncta
926 1227 1052 1259 saecula

631 1273 699 1304 Pax
723 1276 755 1304 to
782 1273 852 1304 dem
877 1273 970 1313 nigen
997 1274 1141 1307 clostere.

315 1364 393 1391 Orat--
423 1373 476 1391 mn.
501 1365 646 1393 Caeciliae
672 1366 799 1403 Hughen
830 1368 899 1394 anni
926 1364 1007 1395 1524.
1057 1366 1125 1395 Ood.
1152 1367 1355 1403 Stuttgartien.
1380 1366 1429 1400 (ol.
1454 1367 1536 1394 Miss.

237 1400 446 1438 Hamburgen.)
474 1401 514 1431 lb
541 1401 585 1429 22.
611 1418 648 1422 -—
677 1404 789 1432 casilia
814 1404 942 1440 Hughen
967 1413 1028 1432 war
1053 1405 1157 1434 Nonne
1182 1406 1215 1433 in
1240 1405 1308 1433 dem
1335 1413 1357 1432 s.
1385 1415 1413 1442 g,
1441 1405 1535 1433 Neu-

236 1438 380 1467 ]zloster
399 1441 447 1468 bei
466 1441 651 1477 Buxtehude3
673 1442 762 1471 daher
783 1441 809 1476 9,
829 1440 847 1471 3
868 1451 910 1480 sq.

239 1725 268 1760 1.
296 1725 399 1758 Choro
420 1726 561 1765 jucundo

295 1773 401 1812 Atque
424 1773 615 1806 laetabundo

296 1819 409 1853 Grates
433 1821 592 1854 solvamus

341 1867 467 1899 Christo
490 1868 636 1913 Domino,

294 1915 351 1954 Qui
376 1924 432 1947 nos
458 1915 591 1956 benigne

293 1961 443 1995 Redemit
467 1963 506 1995 ab
530 1963 603 2003 igne

293 2008 365 2041 Diri
389 2011 517 2050 tyranni

341 2057 545 2100 Pharaonieo,

293 2103 441 2136 Bonitate
465 2104 605 2144 propitia

341 2151 395 2189 qui
420 2154 547 2182 cunctos
572 2151 737 2191 liberavit3

295 2197 423 2229 Meritis
447 2197 564 2228 nostris

341 2253 398 2275 nos
421 2253 483 2275 non
509 2243 679 2286 reparavit,

342 2290 406 2322 Sed
431 2299 486 2322 nos
512 2290 645 2322 salvavit

389 2346 446 2372 sua
469 2337 581 2380 gratia.

857 1629 924 1661 32.

917 1730 947 1762 2.
974 1728 1054 1768 Ave,
1081 1728 1195 1772 Maria,

974 1775 1061 1815 Rege
1085 1784 1142 1807 nos
1166 1776 1227 1807 hae
1250 1776 1312 1816 via,

975 1822 1075 1855 Nobis
1100 1825 1135 1853 tu
1160 1825 1283 1863 gratum

1021 1870 1065 1902 sis
1089 1870 1274 1913 remedium,

974 1918 1075 1949 Voces
1102 1916 1216 1950 exaudi

972 1964 1175 2008 Miserorum,
1202 1965 1278 1997 audi

975 2012 1029 2044 Ad
1051 2015 1084 2044 te
1109 2012 1280 2045 clamantes

1021 2062 1057 2090 ut
1081 2058 1291 2099 Theophilum

975 2106 1201 2149 Poenitentem,
1232 2107 1286 2145 qui
1311 2107 1445 2144 gratiam

1021 2162 1040 2183 a
1063 2153 1132 2185 Deo
1156 2153 1349 2196 impetravit,

975 2199 1037 2230 Per
1060 2202 1094 2230 te
1119 2199 1249 2231 donavit

1023 2245 1156 2286 veniam,
1182 2246 1327 2285 salvavit,

1021 2293 1118 2332 Quem
1143 2292 1294 2332 perduxit„

1070 2339 1110 2372 ad
1137 2339 1292 2380 coelestia.
