1653 2564
706 82 943 117 *49*

167 279 196 311 1.
226 280 263 311 In
288 281 362 320 agni
387 282 541 320 convivio,

224 325 376 361 Gaudeat
399 328 477 361 haee
502 328 621 373 concio,

228 374 362 414 Triplex
388 378 436 406 est
460 375 603 417 refectio,

273 422 406 462 Triplex
432 425 480 454 ost,
504 423 663 456 alimonia.

229 467 374 502 Gaudeat
400 469 479 501 haec
504 470 613 502 eom-io

272 515 372 548 Festa
397 517 503 549 colens
527 518 700 557 paschalia.

168 582 198 614 2.
225 581 348 615 Pedum
375 582 549 623 devoratio,

227 627 379 661 Gaudeat
401 629 480 662 haec
503 630 623 669 concio,

225 676 348 716 Capitis
374 676 534 714 comestio,

273 724 430 755 Intestina
456 724 577 757 vitalia.

226 770 374 803 Gaudeat,
397 771 477 802 haee
501 770 610 803 concio

272 818 372 851 Festa
396 818 502 851 colens
527 818 700 857 paschalia.

797 206 863 236 66.

249 901 332 928 Cant.
353 909 406 928 ms.
427 901 507 929 Petri
528 900 564 928 de
582 901 706 929 Medicis
727 910 801 930 saec.
824 899 868 930 13.

168 1128 198 1161 1.
225 1129 385 1169 Transito,
412 1128 487 1161 Sion
511 1128 607 1170 filiae,

225 1175 303 1216 Quis
328 1179 373 1208 est
396 1176 455 1208 iste
477 1186 534 1208 rea:
551 1176 701 1217 alm-iae?

225 1223 383 1264 Tramite,
410 1223 487 1256 Sion
513 1223 606 1263 filiae,

271 1270 402 1302 Transit
424 1274 534 1303 nostra
558 1271 746 1310 redemptio.

226 1317 301 1355 Quis
324 1321 373 1349 est
396 1318 458 1350 iste
483 1327 539 1350 rex
564 1317 708 1357 gloriae?

274 1364 344 1397 Rex
368 1367 481 1404 potens
504 1368 552 1396 est.
575 1365 607 1397 in
634 1366 766 1405 proelio.

168 1431 200 1464 2.
226 1430 342 1470 Jugum
367 1431 478 1462 mortis
503 1431 692 1473 Aegyptiae,

227 1477 306 1518 Quis
332 1481 376 1511 est
399 1478 459 1510 ‘iste
482 1487 539 1510 rex
561 1478 709 1518 gloriae?

224 1526 341 1565 Jugum
366 1526 477 1557 mortis
503 1526 684 1567 Aegyptiae

274 1572 378 1605 Solvit
404 1573 509 1605 cordis
535 1572 700 1605 confessio.

227 1620 303 1659 Quis
329 1623 378 1652 est
397 1620 459 1652 iste
483 1629 540 1652 rex
565 1619 709 1661 gloriae?

271 1667 342 1699 Rex
367 1670 480 1707 potens
506 1670 555 1699 est
578 1669 611 1699 in
636 1668 768 1708 proelio.

166 1735 198 1768 3.
223 1735 303 1767 Post
326 1735 430 1766 luctus
454 1733 677 1777 poenitentiae,

224 1781 303 1823 Quis
329 1784 374 1814 est
395 1781 456 1814 iste
478 1791 535 1814 rex
557 1782 708 1822 floriac?

227 1828 343 1869 Jugum
368 1830 479 1861 mortis
504 1830 684 1870 Aegyptiae

273 1875 367 1908 Levis
392 1880 494 1909 restat
518 1877 674 1909 transitio.

226 1923 302 1962 Quis
329 1926 376 1955 est
401 1924 463 1955 iste
487 1932 545 1955 rex
570 1923 713 1964 gloriae?

274 1970 345 2003 Rex
368 1972 483 2011 potens
510 1973 558 2002 est,
578 1971 612 2003 in
636 1972 769 2011 proelio,

163 2041 197 2071 4.
224 2037 366 2070 Thamar
393 2039 518 2076 prostat
545 2037 680 2079 egregie,

221 2084 301 2126 Quis
327 2087 372 2117 est
395 2084 456 2116 iste
478 2093 536 2117 rex
558 2084 708 2125 ylorz'ae?

221 2132 362 2165 Thamar
386 2134 511 2172 prostat
536 2131 661 2173 egregie

268 2179 374 2213 Judae
398 2179 530 2211 remisso
555 2180 671 2219 pretio.

223 2228 300 2267 Quis
326 2234 375 2260 est,
396 2227 458 2259 iste
482 2235 539 2259 rex
564 2225 710 2268 gloriae?

268 2276 339 2308 Rex
364 2277 479 2316 potens
505 2277 554 2306 est.
577 2275 610 2306 in
637 2275 771 2314 proelio.

792 1052 856 1082 (W.

849 1131 881 1163 5.

244 2360 327 2390 Cant.
349 2369 403 2389 ms.
423 2360 506 2388 Petri
526 2359 563 2387 de
581 2359 706 2387 Medicis
728 2368 803 2391 saec.
827 2358 870 2391 13.

217 2413 237 2435 D
244 2418 257 2435 τ
263 2417 295 2434 ev
301 2419 313 2436 e
319 2419 342 2439 s.
360 2410 487 2435 Gantiones
503 2410 527 2433 et
540 2409 638 2434 Mutati.
667 2409 699 2433 Π.

911 282 1024 314 Cetera
1050 281 1089 313 de
1114 281 1228 321 medio,

912 325 1065 361 Gaudeat
1090 328 1168 360 haec
1194 327 1313 367 concio,

910 376 1040 409 Moveat
1064 375 1248 414 combustio,

956 422 1008 455 Da
1032 422 1157 454 coelicis
1183 421 1341 453 coelestia.

910 470 1057 502 Gaudeat
1080 469 1158 501 haec
1182 468 1290 500 concio

955 516 1055 549 Festa
1077 516 1182 548 colens
1208 513 1381 555 paschalia.

908 582 959 615 Da
982 582 1079 615 fidem
1103 581 1264 622 mysterio,

908 627 1059 662 Gaudeat
1083 629 1161 661 haec
1185 628 1304 668 concio,

911 677 986 710 Cum
1014 676 1143 709 vacillet
1165 676 1257 715 ratio,

959 724 1057 756 Fides
1083 727 1132 755 est
1154 721 1343 755 necessaria.

913 771 1058 803 Gaudeat
1084 771 1163 803 haec
1188 770 1297 801 concio

957 818 1053 850 Festa
1079 819 1183 850 colens
1207 815 1380 855 paschalia.

909 901 978 929 Cod.
998 902 1179 930 Laurentian
1198 900 1243 928 Pl.
1264 898 1309 927 29.
1332 897 1356 926 1.

907 1129 1045 1169 Magnae
1068 1128 1155 1160 Deus
1182 1128 1353 1168 potentiae,

907 1176 984 1217 Quis
1010 1178 1055 1208 est
1076 1175 1136 1207 ‘iste
1160 1185 1217 1207 rex
1237 1174 1386 1216 sylon-icta?

905 1223 1042 1262 Magnae
1066 1222 1152 1254 Deus
1177 1223 1348 1262 potentiae,

955 1269 1047 1302 Solus
1073 1270 1141 1301 sine
1165 1269 1332 1310 principio.

907 1317 982 1356 Quis
1008 1319 1057 1349 est
1081 1317 1142 1348 iste
1166 1325 1222 1348 rex
1247 1315 1392 1357 gloriae?³

956 1364 1025 1396 Rex
1049 1367 1161 1403 potens
1188 1366 1236 1395 est
1259 1364 1292 1395 in
1317 1364 1449 1403 proelio.

909 1431 1080 1471 Dragmam
1105 1430 1234 1462 reduxit
1258 1430 1363 1469 hodie,

909 1478 986 1519 Quis
1012 1480 1056 1509 est
1079 1477 1139 1509 iste
1161 1486 1218 1509 rex
1241 1477 1389 1519 galeriae?

908 1526 1080 1566 Dragmam
1103 1524 1230 1557 reduxit
1254 1525 1351 1556 hodie

955 1572 1100 1605 Mirabili
1125 1573 1323 1604 commercio.

910 1619 985 1659 Quis
1009 1623 1056 1651 est
1079 1619 1141 1651 iste
1165 1628 1222 1651 rex
1246 1620 1389 1660 gloriae}

957 1667 1026 1700 Rex
1052 1669 1165 1706 potens
1191 1669 1237 1698 est
1262 1668 1294 1698 in
1318 1668 1452 1706 proelio.

877 1761 884 1768 .
910 1735 1024 1768 Jonam
1052 1733 1093 1766 de
1116 1735 1229 1766 ventre
1250 1733 1382 1773 bestiae,

912 1780 989 1823 Quis
1015 1784 1059 1815 est
1082 1781 1142 1814 ‘iste
1165 1790 1222 1813 rem
1243 1780 1392 1822 ylorz'ae?

912 1829 1026 1862 Jonam
1053 1829 1093 1861 de
1117 1830 1228 1862 ventre
1253 1828 1374 1860 bestiae

959 1876 1060 1909 Looat
1082 1876 1114 1908 in
1140 1875 1241 1916 patris
1266 1876 1355 1908 solio.

914 1924 988 1963 Quis
1015 1926 1063 1955 est
1086 1924 1148 1955 iste
1173 1932 1230 1954 rex
1255 1923 1401 1963 gloriae.

961 1970 1032 2003 Rex
1056 1972 1170 2010 potens
1196 1971 1243 2001 est
1267 1970 1300 2001 in
1324 1971 1457 2009 proelio.

912 2038 980 2070 Nos
1007 2037 1047 2069 de
1070 2037 1143 2068 laen
1168 2036 1325 2079 miseriae,

915 2084 993 2126 Quis
1018 2086 1063 2117 est
1085 2083 1145 2117 iste
1167 2092 1224 2116 rex
1246 2083 1395 2125 gloriae?

912 2132 979 2165 Nos
1007 2132 1046 2164 de
1070 2131 1143 2165 lacu
1166 2130 1314 2164 miseriae

958 2179 1080 2213 Reddit
1105 2179 1184 2212 coeli
1208 2179 1338 2218 palatio.

915 2227 991 2267 Quis
1017 2230 1065 2259 est
1090 2227 1151 2260 iste
1176 2236 1232 2259 rex
1258 2227 1401 2267 gloriae?

962 2276 1033 2309 Rex
1058 2279 1171 2316 potens
1198 2278 1245 2306 est
1268 2274 1302 2306 in
1327 2275 1457 2315 proelio.

908 2360 977 2389 Cod.
998 2360 1190 2389 Laurentian.
1211 2359 1256 2387 Pl.
1277 2357 1323 2387 29.
1345 2356 1370 2386 1.

1296 2406 1315 2436 4
