1653 2564
741 101 975 136 ..96-

212 197 244 228 3.
270 195 372 227 Homo
399 195 501 227 dietus
525 203 559 226 es
582 195 622 227 ab
647 195 752 235 humo,
888 197 920 228 4.
944 197 968 229 O
994 205 1063 228 sors
1088 197 1204 236 gravis,
1232 206 1251 228 o
1276 207 1345 230 sors
1370 197 1459 236 (lura,

268 242 337 274 Cito
362 242 488 282 transis,
514 242 588 282 quia
611 241 697 273 fumo
946 243 971 275 O
994 243 1046 274 lex
1073 242 1152 285 dira,
1183 252 1275 283 quam
1298 246 1413 276 natura

315 288 433 321 Similis
459 288 585 320 effeetus
610 297 662 329 es3
992 289 1208 329 Promulgavit
1230 290 1372 329 miseris3

264 334 367 367 Homo
390 344 524 368 nascens
549 344 616 367 oum
639 344 774 376 moeore,
942 335 1057 376 Homo,
1081 344 1215 367 noscens
1240 344 1310 367 <zum
1330 344 1484 375 moerore,

266 382 370 414 Vitam
397 382 513 415 ducens
537 383 570 414 in
593 383 704 415 labore
944 383 1050 414 Vitam
1077 382 1165 414 ducis
1191 390 1260 414 cum
1285 383 1395 415 labore

309 430 354 461 Et
378 438 447 461 cum
471 432 557 462 metu
580 430 721 463 moreris,
990 430 1035 462 Et
1060 437 1129 460 cum
1152 431 1238 462 metu
1260 430 1403 463 moreris.

264 476 395 509 Terram
420 477 508 518 teris,
533 479 649 508 terram
676 477 759 516 geris
945 478 1078 510 Terram
1103 477 1190 518 teris,
1216 479 1333 509 terram
1358 478 1442 517 geris

265 523 310 556 Et
333 524 366 555 in
390 526 509 556 terram
531 524 712 563 reverteriS,
944 525 989 556 Et
1011 525 1045 555 in
1070 526 1187 556 terram
1211 524 1392 564 reverteris,

310 570 368 609 Qui
395 570 434 603 de
457 574 544 604 terra
568 571 710 603 sumeris.
991 572 1049 611 Qui
1078 571 1117 603 de
1140 574 1228 603 terra
1251 571 1393 604 sumetis

514 631 545 662 5.
570 628 656 668 Ergo
682 635 749 658 cum
776 627 838 659 seis
863 628 1047 667 qualitatem

569 675 658 707 Tuae
681 675 788 716 sortis,
811 675 1005 715 voluptatem

619 722 729 754 Carnis
756 730 854 762 quare
878 722 1043 762 sequeris?

571 769 741 808 Memento,
766 771 800 801 te
822 770 1008 801 moriturum

571 816 616 848 Et
637 818 711 856 post
733 818 867 848 mortem
891 817 926 849 id
948 825 1132 857 messurum,

616 863 707 903 Quod
730 863 784 894 hie
806 864 1021 897 seminaveris„

567 910 699 942 Terram
722 911 809 952 teris,
837 912 954 943 terram
979 911 1062 951 geris

566 957 610 989 Et
632 958 666 989 in
691 959 809 989 terram
833 959 1014 999 reverteris,

614 1005 673 1045 Qui
700 1005 739 1036 de
762 1008 849 1037 terra
874 1005 1015 1038 sumeris

279 1078 347 1107 Cod.
367 1078 530 1107 Londinen.
550 1077 680 1113 Egerton
702 1077 766 1106 274.
790 1086 864 1106 saec.
887 1077 930 1107 13.
950 1079 984 1106 A.
1006 1094 1041 1099 —
1058 1078 1140 1107 Cant.
1162 1089 1212 1107 ms.
1232 1080 1313 1107 Petri
1333 1079 1370 1106 de
1381 1080 1504 1107 Medicis

204 1126 279 1145 saec.
303 1115 345 1144 13.
376 1116 444 1144 eod.
463 1114 653 1143 Laurentian.
672 1114 719 1143 Pl.
741 1115 786 1144 29.
810 1114 834 1142 1.
856 1117 889 1144 B.
910 1131 947 1136 ——
966 1117 1048 1145 Miss.
1062 1117 1270 1153 Aquilegiense
1289 1119 1357 1152 imp.
1372 1117 1503 1145 Veneriis

207 1153 289 1183 1508.
311 1155 342 1182 C.
363 1169 399 1173 —-
414 1153 440 1180 A
459 1154 512 1181 hat
530 1162 585 1181 nur
598 1153 654 1181 Str.
679 1152 702 1188 1,
724 1152 741 1180 2
761 1153 821 1181 und
841 1152 867 1187 3,
889 1156 912 1182 B
932 1163 987 1182 nur
1003 1155 1059 1182 Str.
1081 1152 1105 1181 1.
1140 1154 1196 1182 Str.
1219 1152 1233 1180 1
1253 1163 1281 1181 u.
1302 1153 1320 1181 2
1339 1154 1506 1190 umgestellt

203 1194 234 1222 O.
255 1208 290 1213 —-
312 1190 345 1226 2,
367 1191 384 1219 6
406 1191 506 1219 Clausi
524 1192 564 1225 A;
587 1194 694 1219 metam
715 1191 745 1219 C.
771 1204 809 1210 —
835 1190 866 1225 4,
894 1190 912 1219 2
938 1191 961 1219 O
985 1192 1034 1220 lex
1059 1191 1122 1219 dira
1142 1192 1215 1219 fehlt
1235 1191 1264 1219 C.
1289 1207 1326 1211 —
1352 1192 1504 1219 Verfasser

202 1231 357 1266 Philippus
378 1230 414 1258 de
434 1229 550 1257 Grevia.

805 1322 903 1352 143.

203 1401 234 1435 1.
261 1402 286 1434 O
310 1400 393 1432 mira
416 1399 535 1431 Christi
558 1399 672 1441 pietas,
882 1402 914 1434 2.
940 1400 966 1433 O
988 1402 1163 1433 vanitatum
1186 1401 1320 1439 vanitas,

306 1448 331 1480 Ο
358 1449 475 1487 quanta
498 1447 668 1487 miseratio,
986 1448 1139 1480 Curarum
1163 1449 1338 1488 occupatio,

260 1496 284 1528 O
312 1494 431 1527 Christi
454 1493 685 1534 longanimitas,
940 1495 964 1527 O
991 1504 1046 1527 our
1071 1495 1209 1527 ambitur
1233 1495 1380 1536 dignitas,

307 1542 332 1574 O
356 1542 452 1581 longa
477 1542 689 1581 exspectatio,
987 1543 1050 1576 Cur
1075 1551 1170 1581 opum
1196 1543 1388 1574 cumulatio?

306 1589 330 1621 Ο
358 1588 461 1620 cordis
485 1588 656 1628 induratio,
985 1590 1066 1629 Quid
1090 1590 1223 1629 prodest
1248 1589 1425 1632 delectatio,

259 1636 341 1676 Quid
359 1635 476 1674 differs,
496 1644 551 1667 cur
567 1644 629 1667 non
644 1635 773 1676 cogitas,
937 1636 1003 1669 Aut
1028 1636 1105 1676 quid
1129 1637 1215 1668 valet
1240 1636 1423 1676 cupiditas?

258 1683 372 1723 Homo,
399 1691 479 1723 quae
502 1683 587 1715 vitae
610 1682 758 1723 brevitas,
938 1683 998 1716 Est
1028 1685 1061 1715 in
1085 1685 1253 1723 sepulchro
1276 1683 1412 1716 foeditas

305 1730 350 1762 Et
372 1730 482 1762 mortis
509 1729 695 1761 festinatio?
982 1731 1028 1763 Et
1052 1734 1143 1763 extra
1168 1731 1337 1766 dealbatio.

200 1778 244 1810 ΒΟ
262 1777 377 1811 Cernat
402 1777 574 1816 meditatio,
878 1778 922 1810 ΗΟ
940 1778 1057 1811 Cernat
1079 1778 1254 1817 meditatio,

305 1825 387 1864 Quid
411 1824 548 1864 primum
573 1822 733 1865 fuerimus,
987 1826 1070 1865 Quid
1093 1827 1230 1866 primum
1252 1825 1415 1866 fuerimus,

257 1872 312 1905 Nil
335 1872 468 1912 prodest
493 1872 598 1911 elatio,
940 1873 995 1906 Nil
1018 1874 1152 1913 prodest
1176 1874 1281 1914 elatio,

302 1920 405 1951 Terra.
428 1920 557 1952 tandem
582 1919 709 1953 erimuS.
985 1921 1087 1954 Terra
1108 1922 1239 1954 tandem
1263 1922 1390 1954 erimus.

562 1977 593 2009 3.
620 1976 645 2009 O
670 1984 750 2016 quae
774 1976 885 2008 mortis
909 1977 1063 2019 anxietas,

662 2024 686 2056 O
712 2026 830 2063 quanta
853 2024 1036 2069 trepidatio,

619 2070 696 2103 Cum
717 2070 785 2109 jam
810 2072 893 2110 cogit
916 2073 1099 2111 necessitas,

663 2118 710 2151 Ut
733 2116 790 2149 fiat
813 2118 990 2157 reparatio!

665 2164 747 2202 Quid
771 2165 904 2204 prodest
930 2166 1108 2205 delectatio,

617 2210 698 2250 Quid
723 2211 860 2249 pristina
881 2212 1074 2252 jucunditas,

617 2258 681 2290 Gur
705 2257 829 2289 veniam
854 2267 916 2290 non
940 2256 1089 2300 flagitas?

663 2304 688 2336 Ο
714 2311 785 2336 sera
809 2305 1006 2337 recordatio!

274 2368 343 2397 Cod.
366 2369 569 2405 Cautabrigen.
588 2368 632 2395 Ee
653 2367 696 2395 V1
715 2365 760 2394 29.
782 2375 857 2395 saec.
880 2367 922 2396 15.
