1653 2564
763 134 998 172 *24*

701 244 863 278 cantiones
887 244 1064 278 Pasehales.

839 329 909 362 19.

905 411 936 441 4.
963 409 1078 441 Orcum
1102 407 1200 449 fregit
1224 411 1257 439 et
1281 408 1377 448 elegit

1007 455 1195 487 Sanctorum
1220 455 1387 497 consortia,

967 501 1036 532 Hos
1061 502 1189 541 amavit,
1215 511 1293 542 quos
1318 502 1443 534 ornavit

1009 548 1185 581 Immortali
1208 549 1319 589 gloria.

231 412 261 444 1.
288 406 411 442 Laudet
433 410 536 442 laetus
561 413 668 442 noster
693 412 800 441 coetus

335 456 499 489 viventem
524 466 594 488 cum
618 456 760 496 mortuis,

287 504 345 542 Qui
369 512 426 535 nos
452 505 529 535 emit
553 507 585 534 et
607 503 744 535 redemit

334 549 523 589 Sanguinem
546 559 605 590 per
629 550 802 589 proprium.

907 623 938 656 5.
964 624 1014 656 Ita
1041 623 1149 663 gessit,
1176 626 1208 655 et
1233 624 1367 655 recessit

1012 666 1174 714 [Ululans]
1202 671 1411 710 daemonium,

964 717 1095 757 Videns,
1122 719 1196 757 quia
1219 718 1349 750 miseria

1011 764 1112 796 Versa
1138 767 1186 796 est
1208 765 1242 796 in
1266 765 1424 805 gaudium.

228 625 258 655 2.
287 623 335 655 De
359 622 460 663 figura
485 624 572 655 nulla
597 632 681 661 eura,

333 670 411 709 Quia
436 671 521 702 venit
545 670 709 710 Dominus,

287 714 381 749 Venif,
404 716 497 749 Jesus
521 721 634 757 sponte
657 718 771 758 laesuS,

332 764 377 796 Ut
402 764 524 796 deleret
547 763 679 797 facinus.

228 841 258 873 3.
284 839 421 871 Mortem
434 848 557 880 passus,
576 849 733 879 nunquam
745 840 848 871 lassus
910 840 941 872 6.
966 839 1053 879 Ergo
1078 839 1206 879 plaude,
1234 849 1308 880 ergo
1333 840 1435 880 gaude

335 886 460 925 Quievit
483 896 542 926 per
562 887 713 928 triduum,
1014 886 1164 918 Laudans
1188 887 1251 919 Dei
1272 886 1382 927 filium,

285 935 357 967 Jam
383 934 522 965 surrexit
544 936 576 965 et
600 933 710 973 erexit,
967 933 1074 973 Plebs,
1101 942 1194 972 quam
1218 934 1298 966 lavit
1322 936 1355 965 et
1378 934 1502 966 sanavit

332 980 469 1020 Tempus
492 981 612 1013 habens
639 989 819 1020 congruum.
1013 980 1124 1012 Gratia
1148 990 1211 1012 non
1235 981 1359 1021 merito,

677 1056 740 1088 Ore
764 1064 850 1096 vero,
878 1055 975 1087 corde
998 1064 1084 1086 mero

715 1103 891 1135 Benedicat
915 1102 1062 1136 Domino.

302 1187 390 1215 Grad.
410 1195 463 1214 ms.
476 1188 651 1215 Poreetenue
671 1195 746 1214 saee.
762 1184 834 1214 ¹221&
856 1186 925 1214 Cod.
939 1186 1154 1216 Darrnstadien.
1176 1185 1240 1215 931.
1255 1187 1320 1214 add.
1341 1195 1417 1215 saec.
1434 1185 1477 1215 14.
1493 1203 1529 1207 ——

226 1223 259 1258 1,
291 1224 304 1252 1
325 1224 447 1252 Gaudet.
471 1240 508 1244 —
532 1225 583 1252 Alf
603 1225 763 1252 Rundreim
790 1222 962 1252 wiederholt
987 1224 1049 1251 sich
1073 1222 1102 1259 1,
1128 1222 1146 1252 3
1166 1233 1210 1261 sq.
1255 1226 1346 1252 Diese
1364 1225 1456 1252 Verse
1480 1234 1528 1261 ge-

225 1262 316 1290 hbren
337 1263 406 1290 aber
429 1271 485 1290 son
504 1262 701 1298 reehtswegen
720 1271 757 1289 zu
777 1260 802 1295 6,
819 1260 834 1289 1
849 1262 909 1289 und
923 1260 949 1295 2,
970 1263 1025 1289 mit
1037 1262 1132 1289 denen
1146 1264 1190 1290 sie
1203 1264 1269 1290 eine
1282 1262 1406 1297 Strophe
1419 1262 1525 1290 bilden.

223 1300 311 1327 Danu
330 1301 408 1327 w‘are
428 1301 572 1328 entweder
593 1299 617 1334 1,
635 1299 650 1327 1
670 1300 730 1327 und
752 1298 770 1326 2
789 1300 840 1327 der
852 1300 1011 1327 Rundreim
1035 1299 1104 1327 oder
1124 1309 1154 1328 es
1174 1301 1240 1328 sind
1260 1301 1357 1328 hinter
1378 1299 1403 1334 1,
1417 1299 1435 1327 2
1454 1301 1527 1328 zwei

222 1338 323 1365 Zeilen
351 1337 539 1372 ausgefallen.
570 1352 605 1356 —
635 1339 694 1365 Die
719 1337 882 1365 Aufsehrift
910 1338 1005 1365 lautet
1032 1339 1064 1364 in
1094 1337 1145 1365 der
1171 1339 1225 1366 Hs.
1258 1339 1339 1366 Laus
1369 1338 1404 1365 de
1433 1347 1525 1365 resur-

223 1376 350 1402 reetione
369 1375 433 1403 DN.

831 1544 906 1574 20.

225 1651 253 1682 1.
281 1648 414 1680 Aeterni
436 1649 537 1687 patris
561 1648 646 1680 filius
902 1650 932 1681 3.
959 1649 1045 1680 Ante
1068 1651 1213 1690 tempora
1238 1650 1372 1691 genitus,

281 1695 432 1727 Nostrum
456 1696 568 1728 videns
592 1696 756 1728 interitum

330 1742 508 1783 Condoluit,

328 1789 418 1828 Quod
442 1798 500 1821 nos
527 1790 628 1821 tenuit

377 1837 474 1869 Satan
499 1840 593 1877 atque
616 1837 720 1870 videri

327 1883 400 1915 Non
424 1884 538 1924 renuit,

328 1931 419 1971 Quod
442 1931 489 1963 sic
512 1931 613 1964 voluit

375 1977 442 2009 Nos
466 1978 505 2010 ab
530 1979 621 2010 hoste
645 1979 737 2013 tueri.

224 2055 254 2086 2.
279 2054 380 2086 Natus
406 2055 453 2085 est
478 2054 568 2086 nobis
592 2054 755 2097 Dominus,

283 2101 434 2132 Nostrum
460 2101 582 2133 diluens
607 2100 729 2138 facinus

329 2147 490 2186 Illuditur,

328 2193 442 2232 Alapis
466 2194 618 2233 caeditur,

374 2239 487 2271 Nudus
513 2240 699 2281 expoliatur,

329 2287 531 2326 Conspuitur,

330 2332 539 2375 Crucifigitur,

376 2379 475 2413 Saeva
500 2381 601 2411 morte
626 2379 801 2411 damnatur.

960 1695 1070 1727 Totius
1095 1697 1206 1729 mundi
1230 1697 1394 1738 Dominus,

1007 1742 1092 1774 Dum
1116 1744 1266 1785 nascitur,

1007 1789 1099 1822 Salus
1124 1791 1275 1832 exoritur,

1053 1837 1113 1869 Via
1135 1839 1219 1871 vitae
1245 1839 1397 1880 donatum

1006 1884 1090 1916 Dum
1114 1886 1245 1927 patitur,

1008 1931 1106 1964 Satan
1130 1931 1292 1976 affligitur,

1054 1979 1128 2012 Vita
1152 1984 1369 2021 recuperatur.

902 2056 934 2088 4.
960 2053 1083 2087 Inferni
1106 2059 1216 2095 portas
1241 2057 1345 2096 spolia

960 2101 1022 2133 Die
1046 2110 1214 2143 resurgens
1239 2104 1344 2144 tertia,

1007 2148 1067 2187 Qui
1091 2150 1200 2190 voluit,

1008 2194 1105 2225 Vivus
1129 2197 1288 2236 apparuit,

1054 2240 1148 2273 Vitae
1173 2243 1252 2274 dans
1279 2244 1475 2278 documenta.

1004 2287 1174 2328 Apparuit,

1004 2333 1069 2364 Diu
1094 2335 1178 2372 quod
1203 2334 1307 2372 latuit,

1054 2379 1192 2419 Dragma
1216 2382 1307 2410 vetus
1329 2379 1468 2417 inventa.
