1653 2566
697 77 928 113 -87-

171 172 202 205 3.
228 171 268 203 111
293 172 391 204 maris
415 173 558 213 periculo
852 177 884 208 4.
910 173 991 206 Auri
1014 174 1099 207 trina
1124 172 1209 205 datio

278 220 485 252 Proceleuma
504 222 608 253 nautis
633 220 671 254 fit
957 222 1138 254 Puellarum
1163 219 1224 252 fuit

324 266 363 298 111
383 267 507 308 jubilo,
1005 268 1178 302 Relevatio.

277 313 430 348 Nicolaus
455 318 503 346 est
527 315 605 347 cleri
958 315 1109 348 Nicolaus
1134 318 1182 347 est
1207 315 1284 347 cleri

322 362 496 394 Protectio.
1009 363 1180 396 Protectio.

249 411 331 439 Cant.
351 421 406 441 ms.
427 413 508 441 Petri
528 413 564 440 de
585 414 709 441 Medicis
729 421 803 441 saec,
826 411 869 441 13.
898 413 967 441 Cod.
986 413 1174 441 Laurentian.
1196 414 1241 441 Pl.
1261 412 1306 441 29.
1328 411 1353 440 1.

775 478 872 508 130.

172 527 204 558 1.
231 525 381 558 Nicolaus
406 525 551 566 pontifex
854 529 885 561 2.
911 527 950 559 In
973 535 1030 559 sua
1050 526 1186 559 infantia

276 572 430 605 Nostrum
459 576 508 604 est
531 572 698 614 refugium,
957 574 1106 607 Celebrat
1126 574 1291 614 jejunium,

228 620 361 653 Clericis
385 623 417 652 et
440 620 531 652 laicis
910 621 996 652 Fons
1020 624 1053 653 et
1077 624 1172 661 caput,
1197 621 1313 653 dicitur

278 667 328 698 Sit
351 676 477 707 semper
501 668 692 709 remedium3
960 667 1180 700 Confessorum
1211 669 1358 710 omnium,

232 714 427 746 Clericorum
452 717 501 745 est
524 717 655 756 amator,
911 715 975 748 Hic
997 716 1031 747 in
1057 716 1143 747 cunis
1169 715 1358 755 abstinebat,

231 761 401 793 Laicorum
427 762 606 794 consolator
912 762 1000 802 Quod
1023 763 1180 794 mamillas
1201 771 1263 795 non
1287 762 1417 803 sugebat

233 808 441 849 Omniumque
466 807 662 842 confortator
912 809 982 841 Nisi
1010 811 1108 841 semel
1132 813 1165 841 et
1189 810 1304 842 edebat

276 856 315 887 In
340 857 426 888 omni
453 856 608 896 angustia.
959 856 1087 898 Quarta,
1114 860 1204 888 sexta
1228 856 1319 888 feria.

325 902 467 937 Nicolae.
1003 903 1145 936 Nicolae.

570 950 601 985 3.
627 949 799 982 Suscitavit
825 950 955 982 clericos

672 996 799 1029 Occisos
822 997 954 1037 invidia,

626 1044 709 1082 Quos
734 1043 853 1076 occidit
877 1042 1019 1076 carnifex

674 1090 752 1122 Cum
775 1099 833 1123 sua
855 1091 1012 1131 nequitia3

626 1138 706 1170 Tres
729 1138 853 1177 puellas
877 1138 1049 1179 maritavit,

624 1185 676 1217 De
699 1187 838 1224 peccatis
863 1186 1052 1225 observavit,

624 1234 850 1272 Paupertatem
874 1232 1039 1267 relaxavit.

690 1294 1029 1303 .......

718 1319 861 1353 Nicolae.

248 1375 332 1404 Cant.
357 1385 411 1403 ms.
437 1376 517 1403 Petri
541 1374 577 1402 de
602 1375 724 1402 Medicis
753 1383 828 1403 saec.
856 1373 900 1403 13.
936 1374 1005 1402 Cod.
1029 1375 1220 1403 Laurentian.
1246 1376 1290 1402 Pl.
1318 1373 1363 1403 29.
1393 1373 1417 1402 1.
1441 1390 1477 1394 -—

171 1413 256 1443 Nach
276 1411 303 1447 3,
324 1412 341 1440 7
362 1414 436 1442 fehlt
455 1415 520 1441 eine
539 1413 634 1447 Zeile3
654 1413 709 1440 lies
731 1415 817 1440 etwa:
838 1413 913 1440 Auri
932 1412 1001 1439 data
1021 1414 1115 1449 copia.

776 1469 872 1499 1:31.

175 1521 202 1553 1.
230 1518 378 1551 Gaudeat,
402 1518 545 1557 ecclesia,
856 1520 887 1551 3.
913 1518 1018 1549 Tener
1041 1518 1073 1550 in
1098 1516 1233 1550 infantia

229 1567 390 1598 Praesulis
413 1566 568 1598 solemnia
915 1565 1061 1598 Servavit
1080 1566 1212 1605 jeJ'unia,

230 1614 343 1646 Colens
369 1617 401 1646 et
424 1612 614 1654 praeconia3
914 1612 984 1644 Non
1011 1613 1145 1644 incurrit
1169 1613 1256 1645 vitia.

276 1661 419 1702 Nicolae,
445 1669 593 1701 propera,
960 1659 1101 1703 Nicolae,
1128 1668 1276 1700 propera,

276 1709 344 1741 Nos
370 1708 452 1749 fove,
476 1717 534 1740 nos
557 1707 669 1748 libera,
959 1707 1027 1739 Nos
1052 1707 1134 1750 fove,
1159 1716 1217 1739 nos
1241 1709 1354 1747 libera,

275 1758 382 1797 Purga
407 1756 512 1789 cordis
537 1756 668 1788 scelera.
959 1755 1066 1796 Pur-ga
1092 1755 1196 1787 cordis
1221 1756 1351 1788 scelera.

170 1817 202 1847 2.
228 1814 305 1846 Vita
328 1814 430 1846 sancti
455 1812 612 1853 praesulis
855 1814 888 1846 4.
913 1811 978 1843 Hic
1004 1812 1106 1844 tribus
1131 1812 1306 1851 virginibus

231 1861 355 1895 Claruit
378 1861 550 1902 miraculiS,
914 1857 1034 1899 Opibus
1060 1859 1240 1892 carentibus

230 1909 363 1941 Vinctus
388 1910 422 1940 in
448 1907 622 1942 cunabulis,
914 1906 1069 1939 Subvenit
1090 1906 1284 1942 muneribus,

275 1955 419 1998 Nicolae,
444 1963 592 1995 propera,
959 1953 1102 1997 Nicolae,
1128 1962 1275 1998 propera,

275 2003 343 2035 Nos
368 2002 450 2045 fove,
478 2011 536 2033 nos
562 2001 675 2044 libera,
960 2000 1028 2033 Nos
1053 2000 1134 2039 fove,
1160 2010 1219 2032 nos
1242 2002 1354 2043 libera,

277 2052 384 2091 Purga
410 2050 515 2083 cordis
541 2049 672 2081 scelera.
958 2047 1066 2089 Purga
1090 2048 1194 2080 cordis
1220 2050 1351 2081 scelera.

569 2103 600 2135 5.
625 2101 713 2141 Ergo
738 2098 854 2132 festum
880 2100 985 2140 colite,

622 2148 750 2181 Laudes
772 2147 841 2180 Deo
869 2148 975 2189 dicite,

622 2196 692 2229 Deo
713 2195 902 2229 benedicite.

671 2243 815 2283 Nicolae‚
840 2251 988 2285 propera,

670 2291 739 2324 Nos
764 2300 844 2332 ama,
869 2300 927 2323 nos
950 2290 1063 2332 libera,

670 2340 776 2380 Purga
800 2339 905 2373 cordis
931 2339 1062 2371 scelera.

244 2400 328 2428 Cant.
348 2409 401 2428 ms.
422 2399 504 2427 Petri
524 2397 561 2425 de
579 2396 703 2426 Medicis
724 2404 799 2424 saec.
822 2393 866 2424 13.
904 2395 975 2423 Cod.
995 2395 1182 2423 Laurentian.
1202 2395 1246 2423 Pl.
1266 2393 1314 2424 29.
1336 2394 1361 2423 1.
