1653 2564
766 116 998 151 -78-

831 235 925 266 115.

262 346 268 352 .
295 322 371 353 Alto
397 320 492 354 corde
516 321 706 361 gaudeamus
914 323 946 354 2.
971 323 1051 362 Rex,
1076 323 1187 363 inquit,
1214 332 1270 355 rex
1294 325 1394 363 unice,

296 369 346 400 Ac
369 368 401 400 in
424 368 510 400 nullo
537 369 707 408 doleamus,
972 370 1122 401 Miseram
1147 370 1230 402 hanc
1253 371 1386 411 respice,

294 415 376 446 Nam
400 416 563 455 peccatrix
587 416 833 460 procumbendo,
971 417 1046 449 Mea
1074 417 1145 449 dele
1170 417 1310 459 crimina,

296 462 414 494 Christi
438 462 536 502 pedes
560 462 717 494 abluendo
971 463 1104 495 Dimitte
1123 464 1308 503 peccamina

336 509 469 541 Veniam
491 510 674 548 promeruit.
1018 510 1212 550 Temperans
1234 511 1399 550 justitiam.

291 556 377 587 Ante
401 564 506 596 regem
531 556 659 595 trepida
971 558 1088 589 Versus
1113 558 1155 589 ad
1179 558 1261 589 hanc
1283 557 1425 589 medicus

291 602 386 634 Venit
409 603 488 635 haec
513 605 544 633 et
567 603 698 642 pallida,
970 605 1116 645 Humilis,
1142 604 1303 645 mirificus,

290 649 391 681 Facta
415 658 535 689 pavens
560 650 691 690 seelera,
969 651 1019 682 Ne
1047 652 1217 691 desperent
1240 655 1434 692 peccatores,

291 696 522 729 Gommovendo
547 697 671 728 viscera
970 698 1098 738 Septem
1123 700 1288 731 criminum
1312 707 1436 731 errores

338 743 522 775 Lacrimans
545 744 706 784 ingemuit.
1018 746 1182 778 Exstinxit
1205 747 1238 778 in
1262 746 1337 781 filia.

629 810 660 842 3.
687 810 737 842 Pii
761 811 863 849 patris
890 810 1002 854 pietas,

685 856 804 889 Summi
827 858 911 897 regis
938 857 1049 898 deitas,

681 903 785 943 Hujus
810 907 895 936 mota
918 904 1065 943 precibus

683 950 724 982 Se
747 951 881 991 largitur
905 951 1048 983 omnibus

731 998 785 1031 Sic
809 998 986 1038 quaerendo
1011 999 1143 1030 veniam.

683 1045 769 1085 Ergo
795 1048 904 1077 cantus
928 1054 1119 1086 resonemus,

683 1092 871 1124 Resonando
897 1091 1089 1131 festivemus‚

681 1139 777 1170 Istam
803 1139 885 1170 diem
909 1141 973 1170 tam
997 1140 1204 1180 praeclaram,

681 1186 835 1218 Universo
858 1186 974 1218 mundo
1000 1195 1105 1218 caram

726 1232 803 1265 Cum
827 1242 948 1264 summa
972 1233 1105 1266 laetitia.

313 1314 382 1342 Cod.
405 1316 530 1343 Par-isin.
550 1314 598 1350 (ol.
618 1315 794 1351 Martialen.)
813 1315 896 1345 3719.
918 1324 991 1344 saec.
1015 1315 1057 1344 12.
1077 1332 1115 1336 —
1134 1316 1160 1350 2,
1184 1316 1218 1345 10
1237 1318 1269 1344 in
1288 1317 1377 1345 filiam
1399 1317 1452 1343 Hs.

830 1447 924 1478 116.

254 1557 261 1565 .
287 1532 422 1563 Domum
447 1531 634 1564 obedentiae
909 1534 940 1566 5.
967 1534 991 1566 O
1016 1533 1122 1565 Maria
1146 1533 1364 1573 Magdalenae,

289 1579 373 1611 Dum
397 1580 533 1611 intraret
557 1588 613 1611 rex
638 1581 767 1620 gloriae,
968 1580 1050 1612 Dum
1074 1580 1178 1613 adhuc
1202 1583 1308 1612 essent
1330 1580 1489 1620 tenebrae,

289 1627 448 1665 Quaedam
474 1626 630 1658 subintrat
655 1626 773 1659 femina
966 1626 1113 1659 chtinas
1139 1627 1297 1659 Christum
1322 1636 1482 1668 quaerere,

292 1672 355 1705 Sua
380 1674 548 1713 deplorans
575 1673 713 1706 crimina.
966 1674 1044 1707 Cum
1069 1683 1158 1706 amor
1182 1675 1283 1706 nescit
1308 1674 1429 1707 cedere.

256 1764 262 1770 .
290 1739 446 1779 Plangens
472 1741 559 1770 actus
587 1739 794 1780 daemonicos,
909 1741 939 1773 6.
967 1740 1073 1780 Quem,
1097 1741 1170 1772 dum
1195 1739 1286 1772 fleret
1309 1741 1341 1773 in
1366 1740 1501 1773 hortulo.

290 1786 409 1826 Rigans
433 1786 533 1826 pedes
556 1786 739 1819 Dominicos
967 1786 1093 1819 Summo
1116 1796 1209 1820 mane
1236 1788 1372 1820 diluculo

291 1833 470 1875 osculatur,
498 1833 709 1874 amplectitur,
968 1834 1045 1866 Cum
1070 1836 1182 1866 ceteris
1208 1836 1359 1875 apostolis

292 1880 411 1921 Tergit,
438 1880 590 1921 tergendo
615 1881 759 1920 tergitur.
967 1882 1074 1914 Prima
1100 1882 1210 1914 videre
1232 1883 1356 1917 meruit.

232 1948 242 1959 ‘
257 1972 264 1979 .
288 1946 389 1979 Fudit
412 1946 544 1978 nardum
570 1946 771 1986 purissimum
910 1949 940 1980 7.
968 1947 1085 1979 Gavisa
1109 1948 1176 1980 viso
1201 1947 1336 1981 Domino

289 1994 392 2033 Super
418 1996 512 2032 caput
536 1993 744 2034 Dominicum,
968 1994 1085 2027 Gressu
1111 1994 1264 2027 festinans
1291 1995 1423 2035 concito,

289 2041 341 2073 Ex
366 2040 472 2073 odoris
497 2039 672 2081 fragrantia
968 2042 1139 2082 Apostolos
1164 2043 1358 2086 aggreditur,

290 2087 388 2120 Sacra
411 2087 556 2127 fragrant
581 2089 733 2122 convivia.
969 2090 1051 2128 Quos
1075 2090 1124 2121 his
1149 2090 1253 2122 verbis
1278 2090 1462 2130 alloquitur:

258 2180 265 2187 .
291 2154 329 2186 In
353 2154 445 2193 hujus
471 2161 544 2193 ergo
568 2154 715 2185 laudibus
910 2156 941 2189 8.
967 2155 1017 2186 Do
1044 2155 1131 2187 vobis
1156 2164 1238 2189 nova
1262 2156 1387 2196 gaudia,

293 2200 402 2240 Culpis
429 2200 560 2239 dejectis
585 2201 728 2234 omnibus
970 2202 1050 2241 Rex,
1076 2202 1129 2241 qui
1156 2203 1275 2234 creavit
1300 2202 1413 2245 omnia,

287 2248 380 2280 Laeti
404 2247 535 2279 solemni
560 2248 673 2287 gaudio
967 2248 1032 2280 Sua
1054 2258 1168 2289 magna
1191 2250 1333 2289 potentia

289 2294 595 2327 Benedicamus
620 2294 799 2326 Domino.
966 2295 1119 2328 Surrexit.
1167 2296 1250 2328 Deo
1276 2296 1446 2336 gratias.

306 2377 374 2405 God.
395 2377 537 2405 Parisien.
557 2375 605 2412 (ol.
627 2376 802 2412 Martialen.)
821 2376 904 2407 3237.
927 2379 991 2406 add.
1012 2387 1086 2407 saec.
1111 2377 1145 2407 13
1164 2380 1204 2406 in.
