1653 2566
95 301 127 332 1.
153 300 316 340 Quomodo
339 301 536 334 cantabimus

204 348 268 381 Sub
293 348 403 388 iniqua
426 347 521 390 lege?

157 396 250 435 Oves,
277 396 353 436 quid
379 394 596 428 attendimus?

201 442 312 482 Lupus
337 445 387 475 est
408 444 443 475 in
467 452 580 483 grege3

154 489 279 522 Decisis
302 490 481 529 panniculis

155 536 282 569 Nostris
308 537 400 569 offert
423 538 522 570 oculis

203 585 297 617 Jesus
320 585 521 616 inconsutilis

251 631 391 664 Tunicae
415 632 593 670 scissuram,

206 679 302 711 Suam
323 679 424 718 ⁴iudex
449 679 575 710 humilis

253 725 395 757 Sustinet
416 733 610 767 pressuram.

160 801 184 833 O
213 800 339 841 quando
367 801 514 833 discutiet

205 848 393 888 Speluncam
419 849 589 887 latronum,

159 895 259 934 Quam
283 896 466 928 tremendus
485 896 590 927 veniet

207 943 295 975 Deus
319 943 484 975 ultionum.

714 91 782 127 165
831 111 879 117 -—

701 214 797 246 235.

780 303 813 334 2.
838 300 1010 333 Thalamus
1033 308 1218 342 puerperae,

886 346 1032 380 Thronus
1057 347 1233 381 Salomonis

841 394 973 427 Pressus
998 398 1047 426 est
1071 395 1254 427 charactere

885 442 997 474 Novae
1019 442 1204 485 Babylonis,

837 489 966 530 Regalis
992 490 1126 522 ecclesia

842 537 940 569 Sedet
962 537 994 568 in
1020 537 1160 579 tristitia,

887 584 959 616 Rex
987 585 1126 616 custodit
1148 584 1262 616 atrium

935 632 981 664 Ut
1005 630 1096 663 fortis
1119 633 1268 669 armatus,

889 679 1008 710 Tendit
1031 679 1064 710 in
1090 679 1236 711 exsilium

935 725 1122 758 Sanctorum
1146 729 1284 757 senatus.

843 800 914 832 Hoc
937 799 1068 833 fornace
1090 801 1201 841 purius

890 848 1010 880 Aurum
1035 858 1070 880 se
1094 849 1253 891 purgabit,

842 895 887 928 Et
911 894 1090 927 confractus
1114 896 1225 927 melius

891 942 1000 974 {Iustus
1024 943 1224 982 germinabit.

501 1020 531 1051 3.
557 1018 653 1058 Ecce,
679 1017 891 1049 sanctuarium

603 1064 756 1096 Nostrum
779 1062 978 1103 profanatur,

557 1110 682 1143 Mariae
705 1111 908 1151 praesepium

606 1159 709 1191 Prave
733 1157 898 1197 spoliatur,

561 1205 709 1238 Gloriosa
730 1204 869 1237 Domina

559 1253 623 1285 Sua
646 1252 759 1284 clausit
782 1252 893 1284 limina

607 1301 644 1332 In
669 1300 851 1340 Aegyptum
877 1298 1000 1339 fugiens

606 1395 644 1426 In
668 1402 823 1434 praesepe
846 1394 975 1433 pariens

653 1441 746 1474 Nunc
776 1443 824 1473 est
849 1441 1019 1481 denudata,

605 1517 767 1549 Monstrat
789 1515 878 1549 Evae
901 1515 976 1548 filiis

652 1563 761 1597 Mater
784 1563 964 1605 salvatoris,

607 1611 726 1651 Quibus
752 1611 890 1643 clamant
913 1610 1025 1644 labiis:

654 1659 751 1691 Alma
772 1658 994 1698 redemptoris.

183 1754 265 1784 Cant.
285 1763 337 1783 ms.
357 1755 439 1782 Petri
459 1753 495 1780 de
514 1753 637 1781 Medicis
659 1760 734 1780 saec.
758 1749 802 1780 13.
841 1751 909 1780 Cod.
929 1752 1110 1780 Laurentian
1128 1753 1172 1781 Pl.
1193 1751 1238 1780 29.
1263 1751 1287 1780 1.

110 2005 140 2040 1.
167 2004 294 2044 Lugent
317 2000 393 2034 Sion
419 2003 451 2032 et
474 1999 608 2044 Judaea,

167 2051 337 2092 plangunt,
362 2050 517 2089 quotquot
539 2049 615 2079 sunt
636 2047 669 2079 in
687 2054 735 2089 ea,

167 2099 259 2140 Quod
282 2096 460 2137 triumphat
483 2096 635 2128 Idumaea

167 2146 213 2180 Et
235 2146 401 2187 Aegyptus
428 2142 493 2176 fert
515 2142 679 2182 trophaea,

215 2220 371 2255 Amalech
394 2219 540 2260 invaluit,

214 2268 418 2303 Hierusalem
444 2266 572 2310 corruit,

215 2319 302 2352 Loca
325 2318 437 2349 sancta
460 2314 576 2356 polluit

166 2367 281 2401 Plebes
308 2364 487 2398 Chananea.

713 1903 810 1933 236.

794 2001 823 2032 2.
851 1997 995 2031 Infidelis
1020 2007 1096 2038 gens
1122 2002 1153 2031 et
1177 2008 1233 2032 rea

852 2045 971 2078 Christi
995 2047 1097 2078 servis
1121 2049 1168 2079 est
1193 2047 1341 2087 Medaea,

850 2093 928 2126 Illos
954 2093 1065 2126 vendit
1087 2094 1120 2126 iu
1145 2094 1260 2134 platea.

855 2167 1317 2179 ..............

900 2217 1048 2251 Probitas
1075 2218 1211 2259 evanuit,

899 2265 1020 2298 Nostra
1043 2266 1143 2298 virtus
1168 2267 1260 2310 aruit,

903 2315 1019 2346 Arcam
1045 2313 1106 2347 Dei
1127 2314 1233 2354 rapuit

853 2362 976 2395 Procax
999 2361 1181 2395 Philistaea.
