1653 2564
765 98 1018 131 —164—

636 193 742 223 Tanta
764 192 844 222 lueis
870 191 1017 222 claritate

686 237 861 277 Superatur
886 236 934 267 sol
959 239 990 267 et
1013 237 1099 276 luna,

640 284 744 315 Tanta
771 284 849 316 vicit
873 283 1042 315 sanctitate

686 330 800 362 Omnes
826 329 922 361 urbes
949 330 1029 361 haee
1052 329 1128 360 urbs
1152 338 1225 367 una,

639 375 711 408 Non
737 377 832 417 elegit
855 375 976 408 frustra
999 377 1102 408 locum

687 422 870 456 Grebusaeus
899 424 1037 457 Areuna.

320 489 389 516 Cod.
409 488 536 515 Par-isin.
565 486 614 522 (ol.
634 486 810 522 Martialen.)
839 484 922 514 3549.
951 495 1026 514 saec.
1059 484 1102 513 12.
1133 487 1167 514 A.
1192 502 1229 506 —
1258 487 1327 514 Ood.
1348 487 1472 515 Parisin.
1495 487 1546 522 (ol.

244 524 422 559 Martialen.)
441 523 524 553 3719.
551 534 626 553 saec.
649 523 691 551 12.
718 525 752 553 B.
780 539 816 544 -
838 523 894 551 Str.
928 522 942 551 1
967 525 1021 552 hat
1043 526 1115 552 zwei
1135 525 1235 553 Zeilen
1254 524 1335 552 mehr
1355 525 1398 552 als
1419 525 1466 553 die
1486 527 1545 552 mit-

244 563 443 600 spreehendeu
461 563 544 590 Teile
570 572 630 590 von
650 561 706 589 Str.
728 560 746 589 2
767 563 825 589 und
845 559 876 596 33
907 563 1002 589 fei-ner
1022 562 1101 590 steht
1120 562 1166 590 iln-
1185 563 1285 591 Inhalt.
1303 563 1545 591 unm-kliiidicher-

242 603 331 667 geisa
350 600 544 666 inffikeggerlei
557 600 810 636 Zusammenhang
830 601 885 626 mit
896 600 961 627 dem
975 600 1114 628 Vorwurf
1123 600 1173 628 <les
1189 601 1304 628 Liedes.
1328 601 1394 636 Vgl.
1410 601 1546 629 Carmina

270 647 364 667 urana
406 657 411 664 .
490 647 534 674 sq.

670 738 713 769 De
732 737 862 770 Excidio
882 737 1121 777 Hierosolymae.

845 814 942 843 234.

247 893 277 926 1.
301 893 393 935 Sede,
421 891 507 931 Sion,
532 892 565 923 in
585 891 728 932 pulvere,
929 893 960 925 4.
987 893 1110 925 Forsan
1135 896 1291 926 scrutator
1316 894 1457 926 cordium

306 940 409 980 Caput
432 939 589 979 adsperge
614 939 729 980 cinere,
987 939 1133 972 Generali
1164 941 1318 979 judicium

352 986 491 1019 Induere
516 986 628 1026 cilicio,
1035 987 1233 1019 Particulare
1255 988 1416 1028 praetulit,

306 1034 372 1073 Quo
395 1033 486 1066 stetit
509 1034 577 1073 spei
603 1032 746 1073 firmitas,
987 1033 1082 1073 Spem
1105 1035 1198 1066 multi
1221 1034 1341 1067 fruetus
1364 1044 1439 1067 area

304 1082 400 1115 Caret
430 1080 546 1112 vexillo
571 1080 687 1113 caritas
984 1081 1091 1113 Multa
1115 1082 1204 1113 dedit
1224 1083 1257 1114 in
1281 1082 1384 1121 palea,

351 1129 396 1160 Et
418 1126 499 1159 fides
522 1128 699 1167 privilegio.
1034 1128 1097 1160 Sed
1122 1129 1175 1160 vix
1198 1129 1373 1169 pauxillum
1397 1130 1515 1161 retulit.

247 1188 278 1218 2.
307 1184 419 1217 Cordis
443 1185 589 1223 potentes
614 1181 711 1215 ferrei
929 1186 958 1217 5.
984 1184 1119 1217 Divinae
1142 1187 1220 1216 nutu
1244 1185 1365 1226 gratiae

303 1231 357 1264 Sie
380 1232 414 1263 in
438 1230 612 1262 vindictam
635 1229 711 1262 fidei
985 1231 1077 1264 Solus
1103 1240 1205 1264 eomes
1231 1233 1422 1271 Campaniae

352 1279 478 1311 Mentes
508 1280 539 1308 et
562 1286 673 1310 manus
699 1278 870 1319 continent,
1033 1279 1109 1318 Spei
1129 1277 1273 1311 favillam
1295 1281 1437 1320 suscitat,

307 1326 398 1365 Quod
422 1325 533 1356 urbem
558 1326 699 1357 sanet-am
723 1325 834 1365 pollui,
983 1326 1106 1358 Fidelis
1131 1326 1205 1358 Sion
1233 1326 1317 1359 filius

306 1373 395 1412 Quod
419 1372 490 1404 loca
514 1375 624 1404 saneta
648 1372 778 1411 conspui
985 1374 1082 1406 Velut,
1109 1373 1190 1404 alter
1213 1374 1379 1405 Heraclius

352 1419 429 1453 Pari
458 1418 584 1451 defectu
608 1419 775 1453 sustinent.
1030 1420 1114 1452 Fide
1137 1419 1285 1460 ferroque
1307 1421 1431 1454 militat.

248 1479 279 1510 3.
304 1476 384 1509 Sion
408 1476 442 1506 in
467 1476 538 1507 sinu
561 1475 675 1507 lamiae
929 1478 959 1510 6.
986 1476 1095 1509 Certat
1117 1477 1215 1508 aetati
1236 1479 1364 1508 tenerae

307 1524 435 1556 Catulos
458 1523 580 1555 lactant,
600 1522 705 1565 hodie,
984 1523 1104 1555 Mentis
1129 1522 1227 1554 robur
1249 1523 1438 1566 imprimere,

352 1570 493 1611 Lapides
517 1570 690 1602 sanctuarii
1033 1570 1153 1609 Corpus
1178 1570 1328 1602 indurant
1351 1579 1473 1610 aspera,

303 1619 367 1650 Per
391 1617 513 1657 plateas
538 1617 689 1656 dejiciunt
984 1617 1086 1657 Reges
1117 1617 1209 1648 docet
1231 1618 1329 1656 stirps
1353 1618 1450 1657 regia,

302 1666 347 1697 Et
370 1664 496 1697 labores
523 1664 678 1705 diripiunt
985 1663 1074 1702 Quod
1098 1663 1230 1695 victrice
1255 1664 1430 1696 constantia

350 1711 568 1744 Hebraeorum
590 1710 752 1750 Aegyptii.
1030 1711 1218 1743 coronanda
1240 1713 1314 1743 sunt
1336 1720 1442 1751 opera.

322 1786 404 1814 Cant.
432 1793 484 1812 ms.
512 1785 593 1812 Petri
622 1784 657 1811 de
681 1784 803 1811 Medicis:
831 1792 906 1812 saec.
935 1782 978 1812 13.
1019 1783 1087 1812 Cocl.
1107 1784 1295 1812 Laurentian.
1315 1785 1360 1812 Pl.
1386 1783 1430 1813 29.
1458 1784 1483 1812 1.
1515 1799 1547 1803 —

244 1824 302 1851 Die
322 1822 514 1851 Handsehrist
539 1822 652 1850 enthz'tlt
674 1822 747 1849 iiber
772 1822 929 1850 denselben
949 1822 1133 1858 Gegenstand
1158 1823 1234 1850 noch
1254 1824 1302 1851 ein
1322 1823 1443 1851 anderes
1463 1823 1544 1856 Med,

244 1870 302 1889 von
322 1862 387 1889 dem
406 1860 490 1888 indes
509 1869 565 1888 nur
586 1862 650 1888 eine
670 1859 796 1896 Str-ephe
815 1860 998 1887 vorhanden:

678 1906 767 1934 Venit:
784 1907 871 1935 Jesus
890 1908 923 1933 in
941 1908 1068 1942 propria,

717 1944 811 1977 Quem
830 1946 878 1973 sui
895 1953 956 1972 non
974 1945 1127 1980 recipiunt,

678 1983 715 2009 In
732 1983 791 2010 Dei
809 1983 987 2019 patrimonia

717 2022 876 2049 Pei-versae
896 2023 997 2057 gentes
1018 2022 1160 2055 saeviunt,

679 2059 746 2086 Diis
767 2060 873 2087 alienis
894 2060 971 2086 ost-la

718 2096 884 2125 Salomonis
905 2098 1041 2133 aperiunt

677 2134 719 2161 Et
739 2135 847 2163 saltare
867 2134 1022 2162 daemonia

717 2172 775 2199 Per
794 2173 934 2208 templum
952 2173 1010 2200 Dei
1029 2173 1155 2207 faciunt;

680 2209 760 2243 Sion,
781 2210 913 2237 Judaeae
931 2211 1034 2246 gloria,

677 2246 728 2273 Fit:
747 2256 897 2282 pomorum
917 2248 1057 2283 custodia,

715 2284 789 2318 Ejus
810 2285 898 2311 amici
915 2285 1040 2321 fugiunt,

715 2322 778 2349 Nee
797 2322 887 2349 alieni
905 2324 1029 2349 veniunt

679 2358 727 2387 Ad
745 2359 892 2395 sepulchri
912 2359 1064 2390 solemnia.
