1653 2564
705 59 941 95 -47—

553 157 584 189 7.
607 157 735 189 Laudes
759 156 844 197 patri
870 156 975 200 dieite,

602 203 720 237 Omnes
742 206 860 244 qentes,
879 203 1038 244 plaudite,

605 251 733 284 Laudes
757 250 842 292 patri
868 251 974 290 dieite,

655 297 795 330 Flamini
819 306 889 329 cum
914 296 990 339 filio,

604 346 717 378 Omnes
743 347 860 386 gentes,
887 344 1031 384 plaudite

651 392 800 424 Manibus
824 401 903 431 prae
924 391 1047 431 gaudio.

248 473 330 502 Cant.
351 483 405 502 ms.
419 475 500 502 Petri
520 475 556 502 de
568 475 692 504 Medicis
712 484 787 504 saec.
805 472 848 503 13.
879 474 950 503 God.
968 475 1157 503 Laurentian.
1171 474 1215 501 Pl.
1237 472 1281 501 29.
1304 472 1328 501 1.
1353 489 1387 493 —
1408 472 1434 506 6,
1459 470 1471 499 1

170 512 311 546 apponite
328 512 383 540 Hs.

792 603 858 634 62.

170 671 200 704 1.
230 671 351 711 Culpae
375 674 528 713 purgator
553 672 678 713 veteris,
851 674 882 705 3.
912 672 972 710 Qui
997 680 1119 703 crucem
1145 671 1221 702 tulit
1240 670 1388 713 humeris,

230 718 379 751 Christus
402 719 487 752 redit
511 720 550 751 ab
574 720 701 761 inferis,
915 718 1060 751 Christus
1083 718 1167 750 redit
1191 719 1230 750 ab
1253 718 1379 758 inferis,

227 766 310 805 Quos
339 766 398 799 filii
909 765 975 798 Nos
1004 765 1155 806 sanguine

275 813 411 845 redemit
434 814 553 854 passio,
958 812 1122 845 mundavit
1146 812 1288 852 proprio,

227 859 398 893 Laetificat,
909 858 1077 892 Laetificat,

273 917 331 940 nos
355 908 556 942 resurreetio.
955 916 1012 939 nos
1036 906 1238 939 resurreetio.

169 965 201 995 2.
229 963 351 996 Auctor
375 963 503 996 humani
528 965 663 1004 generis,
850 967 882 997 4.
908 965 1072 996 Prostrato
1098 971 1171 1003 rege
1195 963 1334 997 sceleris,

229 1009 379 1043 Christus
401 1011 487 1043 redit
509 1011 550 1042 ab
573 1011 699 1051 inferis,
910 1010 1055 1042 Christus
1077 1009 1163 1041 redit
1185 1010 1225 1041 ab
1251 1009 1374 1050 inferzs,

226 1057 296 1089 Nee
318 1059 449 1098 proprio
906 1057 974 1089 Nos
999 1066 1018 1087 a
1041 1057 1152 1088 mortis

272 1105 417 1145 pepercit
441 1104 517 1145 filio,
956 1104 1052 1135 solvit
1075 1103 1219 1144 imperio,

227 1151 397 1184 Laetificat
908 1149 1075 1183 Laetificat

271 1208 329 1231 nos
354 1200 555 1232 resurrectio.
954 1206 1011 1229 nos
1037 1198 1237 1229 resurrectio.

511 1258 541 1290 5.
567 1256 740 1296 Egressum
762 1256 907 1296 pandens
932 1255 1055 1286 miseris

568 1301 713 1336 Christus
737 1302 821 1335 redit
845 1303 884 1334 ab
909 1301 1036 1342 inferis,

565 1350 749 1382 Revertitur

611 1397 713 1430 vietor
739 1397 779 1430 de
803 1396 935 1436 proelio,

561 1444 730 1477 Laetificat

612 1500 669 1523 nos
693 1491 896 1524 resurrectio.

246 1555 328 1584 Cant.
349 1565 402 1584 ms.
423 1557 504 1585 Petri
524 1557 560 1584 de
579 1556 704 1585 Medicis
726 1565 801 1584 saee.
825 1553 866 1584 1¹⁷3.
909 1555 978 1583 Ood.
998 1555 1188 1583 Laurentian.
1210 1555 1254 1582 Pl.
1275 1553 1320 1582 29.
1344 1552 1368 1581 1.

165 1720 194 1751 1.
220 1719 298 1751 Dies
323 1719 436 1751 salutis
460 1719 572 1760 oritur,
849 1720 880 1752 2.
905 1717 1008 1750 Adam
1035 1717 1191 1748 seeundus
1216 1716 1346 1757 patitur,

219 1766 265 1799 In
288 1766 376 1808 liquo
399 1766 467 1799 vita
490 1767 640 1810 moritur,
906 1764 951 1797 Ira
974 1764 1061 1804 Zifflzo
1085 1764 1155 1797 vita
1176 1764 1324 1805 moritur,

220 1814 298 1846 Dies
324 1814 437 1846 salutis
462 1814 573 1854 oritur,
905 1812 1011 1845 Adam
1034 1812 1190 1843 secundus
1215 1811 1345 1851 patitur,

221 1862 260 1894 In
284 1861 370 1902 ligno
395 1861 463 1893 vita
486 1861 629 1903 moritur,
907 1860 944 1891 In
969 1860 1054 1899 ligno
1081 1860 1145 1890 vita
1169 1859 1313 1897 moritur,

271 1908 315 1941 Ut
338 1909 434 1940 morti
461 1908 650 1941 dominetur.
955 1907 999 1939 Ut
1022 1906 1143 1947 primus
1168 1906 1338 1938 suscitetur

238 1973 322 2001 Cani..
344 1981 396 2000 ms.
416 1973 498 2001 Petri
519 1973 555 2000 de
573 1971 702 2001 Medeeis
724 1980 800 2000 saee.
826 1970 868 2000 13.
910 1972 979 2000 Coti.
1001 1972 1190 1999 Laurentian.
1211 1970 1255 1997 Pl.
1276 1968 1321 1997 29.
1346 1967 1370 1996 1.

783 2065 851 2095 64.

161 2138 192 2170 1.
218 2136 353 2169 Vineam
377 2144 479 2167 meam
503 2134 657 2175 plantavi,
846 2136 878 2168 2.
908 2134 1078 2166 Facturam
1103 2142 1203 2166 meam
1230 2132 1343 2171 amavi,

216 2182 378 2217 Torcular
401 2182 489 2216 solus
514 2181 648 2225 calcavi,
899 2182 1058 2215 Toy-calar
1081 2181 1167 2214 solus
1193 2180 1324 2220 calcavi,

267 2232 370 2265 Vinea
390 2240 454 2263 non
478 2229 622 2263 reddidit
951 2229 1048 2268 Quem
1075 2238 1131 2270 ego
1158 2236 1347 2271 creaveram,

312 2279 477 2319 Fructum,
504 2286 595 2319 quem
621 2278 757 2321 speravi,
997 2277 1065 2318 Ego
1087 2276 1240 2315 recreavi,

266 2328 492 2361 Indumentum
517 2325 670 2367 sanguine
951 2324 1175 2358 Indumentum
1199 2323 1351 2363 sanguine

313 2375 423 2411 Meum
447 2374 620 2416 inquinavi.
998 2373 1106 2405 Meum
1130 2372 1302 2413 inquinavi.
