1653 2564
238 2108 269 2139 1.

240 2220 272 2250 2.

744 133 998 168 <⁶128—

254 250 262 258 .
287 227 337 259 De
362 227 511 266 superbia

285 273 393 313 Livor,
420 273 503 312 odia,

289 320 365 352 Tria
389 319 467 351 vitia

287 367 432 399 Trahunt
455 366 568 397 omnia.

512 459 567 491 IV.

254 550 262 558 .
288 526 383 557 Latet
408 525 504 558 dubie

285 572 430 604 Malitiae
453 571 583 605 ferbura

288 619 356 651 Zeli
379 619 495 658 specie,

283 665 397 705 Fraus,
425 665 599 697 calumniae

287 712 436 745 Justitiae
459 712 569 753 figura,

254 805 262 812 .
288 778 403 810 Tristis
428 778 511 810 facie

288 825 400 857 Vultus
424 827 527 857 macie

288 872 476 913 Hypocrisis
499 873 635 913 pictura,

289 938 459 971 Amicitiae

288 985 353 1018 Sub
378 984 483 1025 effigie

288 1031 458 1081 Nequitiac
481 1034 652 1066 structura.

521 1127 560 1159 V.

259 1220 266 1227 .
293 1193 364 1225 Jam
389 1193 525 1233 praelati
546 1195 620 1225 sunt
643 1192 749 1232 Pilati,

339 1240 442 1273 Judae
466 1249 674 1281 successores,

290 1288 381 1320 Pium
406 1288 478 1331 rati,
507 1287 666 1320 Christum
692 1287 769 1328 pati,

338 1335 477 1375 Caiphae
501 1334 651 1368 fautores

259 1426 266 1435 .
292 1401 373 1433 Dum
401 1402 525 1441 cognati
549 1400 759 1439 praebendati

338 1448 476 1488 Surgunt
500 1448 542 1480 ad
565 1448 709 1487 honores,

293 1494 425 1527 Pulsant
451 1495 516 1526 dati
540 1495 721 1534 paupertati

341 1542 430 1574 Ostia
455 1542 610 1576 doctores

261 1634 268 1642 .
293 1607 430 1640 Literati
452 1617 510 1648 spe
534 1606 675 1640 fraudati

340 1655 446 1693 Egent
468 1658 542 1694 post,
565 1655 701 1695 labores,

295 1702 451 1734 Probitati
476 1711 515 1734 ac
538 1702 635 1733 aetati

341 1749 465 1781 Desunt
488 1750 678 1789 provisores.

261 1839 269 1846 .
295 1814 366 1846 Non
389 1815 493 1848 vocati
517 1823 576 1846 nec
601 1814 700 1847 creati

340 1862 498 1894 Praesunt
519 1862 671 1902 juniores,

295 1908 335 1941 Vi
358 1908 488 1949 mitrati,
513 1909 543 1941 vi
567 1909 714 1949 plantati,

342 1955 460 1988 Merito
481 1956 628 1989 minores.

519 2041 572 2074 VI.

296 2107 396 2139 Canes
420 2107 648 2146 impudicitiae,

341 2154 449 2192 Avidi,
475 2153 563 2195 muti,

298 2218 376 2249 Sues
403 2217 633 2256 immunditiae,

344 2262 426 2293 Luto
450 2262 575 2301 poliuti,

245 2330 276 2361 3.
304 2328 415 2367 Tigres
438 2326 601 2365 avaritiae,

350 2373 517 2413 Quaestum
542 2372 650 2404 secuti.

906 290 936 321 1.

1176 223 1249 255 VH.

962 288 1052 320 Nulli
1076 287 1249 326 custodiae,

964 334 1120 366 Familiae
1143 333 1201 364 sed
1224 332 1342 363 nimiae

963 380 1107 418 Student,
1133 378 1284 410 lasciviae

966 427 1043 459 Cum
1067 425 1216 466 ingluvie,

1011 471 1236 505 Procurandae
1260 471 1334 503 cuti.

931 555 938 562 .
964 529 1037 562 Non
1066 531 1153 561 stant
1175 528 1209 559 in
1233 527 1303 559 acie

965 577 995 609 A
1020 574 1114 615 facie,
1141 574 1320 608 contrariae

965 623 1090 657 Cedunt
1112 622 1284 665 potentiae,

964 670 1141 703 Patientiae

1011 717 1106 750 Scuto
1133 716 1286 750 destituti,

930 800 937 807 .
963 775 1052 807 Nihil
1076 774 1210 806 eximiae

964 822 1176 864 Oonstantiae,
1203 820 1261 853 sed
1286 820 1446 860 propriae,

964 869 1092 901 Timent.
1113 868 1268 909 ignaviae,

965 917 1040 949 Pius
1064 916 1217 956 pecuniae

1013 963 1151 995 Student
1173 971 1266 1002 quam
1291 960 1396 994 saluti.

1175 1056 1262 1090 VIII.

966 1125 1076 1164 Prece,
1101 1123 1204 1163 pretio

967 1172 1021 1205 Fit
1046 1171 1191 1213 intrusio,

970 1219 1053 1251 Nam
1078 1218 1232 1258 praelatio

1015 1265 1180 1308 Venditur,

1015 1313 1152 1354 Emflur,

971 1362 1039 1393 Nec
1063 1359 1168 1392 officio

1016 1408 1125 1441 Pudor
1151 1409 1198 1439 est
1223 1406 1321 1441 abuti.

971 1464 1055 1497 Cleri
1081 1464 1189 1496 concio

971 1512 1021 1543 Ac
1042 1511 1154 1551 religio

968 1558 1025 1590 Fit
1048 1557 1231 1601 opprobrio,

1018 1606 1187 1645 Sternitur,

1018 1653 1198 1692 Spernitur,

971 1700 1143 1739 Privilegio

1020 1748 1102 1779 Dato
1127 1747 1283 1778 servituti.

938 1832 944 1838 .
970 1803 1068 1836 Nulla
1091 1803 1196 1835 studio

971 1851 1027 1883 Fit
1050 1850 1217 1895 protectio,

971 1899 1053 1938 Jugo
1077 1897 1175 1930 nimio

1019 1946 1189 1985 Premitur,

1019 1993 1184 2032 Laeditur,

974 2041 1111 2080 Quorum
1136 2040 1267 2072 brachio

1021 2087 1132 2119 Solent
1156 2096 1227 2120 esse
1250 2087 1321 2118 tuti.

1198 2172 1258 2204 IX.

921 2237 951 2267 1,
978 2235 1086 2267 Omnis
1110 2237 1213 2267 status
1236 2236 1421 2270 immutatus

1028 2281 1142 2321 Gregis
1168 2285 1201 2313 et
1221 2280 1369 2320 pastoris,

980 2326 1193 2360 Conturbatus
1216 2326 1415 2365 principatus

1026 2373 1123 2411 Regis
1145 2372 1290 2411 junioris.
