1653 2564
357 218 455 250 Placa
478 220 564 248 tuum
589 215 698 255 filium,

288 264 341 296 90.
356 263 401 295 Ut
427 263 596 294 clamorem

355 309 477 340 Audiat,
499 309 674 348 humilium,

357 356 402 388 Ut
425 358 528 386 tecum
553 355 707 386 laetemur

358 403 435 433 Post
458 402 518 433 hoc
544 401 698 439 exsilium,

357 448 463 487 Virgo,
490 448 641 487 prudens,
668 447 709 478 ad
727 447 883 477 coelorum

287 495 341 527 95.
357 494 467 533 Dirige
488 503 545 526 nos
571 494 680 525 limina

355 544 404 573 Ac
430 549 587 573 venenosa

355 589 458 627 Terge
481 588 591 619 mortis
618 586 760 619 crimina.

354 634 455 666 Stella
478 634 586 674 mam's,

349 681 422 713 Lux
446 681 558 713 solaris

262 728 340 762 100,
355 728 529 767 Singularis

334 793 422 828 Trop.
444 801 481 819 ms
489 812 495 818 .
515 792 681 820 Lubicense

326 1028 460 1059 Associa

328 1074 445 1106 Tecum
471 1076 502 1106 in
528 1075 633 1114 patria

327 1121 372 1152 Et
394 1122 475 1153 satia

326 1168 465 1200 Perenni
489 1169 600 1209 gloria.

283 1216 313 1247 5.
330 1215 422 1247 litae
446 1215 552 1248 brevis
588 1243 591 1246 .

330 1263 477 1294 Peritum

328 1309 488 1341 Praeterit

328 1356 457 1397 Figura,

327 1404 449 1436 Umbra
476 1403 555 1435 levis

260 1452 313 1483 10.
329 1450 375 1483 Ut
398 1451 525 1490 pictura

328 1498 444 1530 Interit

328 1544 450 1578 Litura.

328 1592 425 1624 Fides
454 1593 560 1631 plana,

327 1638 418 1678 Quod
442 1639 602 1671 mundana

261 1688 315 1719 15.
332 1687 454 1720 Cuncta
482 1695 572 1718 vana.

326 1734 408 1765 Late
431 1736 521 1773 patet
544 1742 620 1765 area

328 1782 434 1824 Palea,

327 1828 424 1860 Nulla
451 1836 560 1868 grana,

327 1875 403 1907 Sors
428 1875 564 1907 humana

256 1925 311 1956 20.
326 1923 499 1964 Tamquam
523 1922 597 1954 lana

324 1971 453 2002 Texitur
478 1979 498 2001 a
521 1969 617 2010 tinea,

327 2017 450 2050 Laesae
474 2017 587 2049 mentis
614 2017 745 2049 vulnera

328 2064 422 2105 Sana,

328 2111 371 2144 Ut
393 2122 413 2144 a
438 2120 514 2143 cura

257 2159 311 2190 25.
327 2158 377 2189 Sit
399 2166 521 2198 secura,

325 2204 406 2244 Jugo
430 2204 544 2243 libera,

327 2251 477 2290 Procura,

321 2296 465 2328 Luceant
488 2297 535 2328 sic
559 2305 668 2336 opera,

785 121 1044 155 —194—

1033 215 1080 246 Es
1105 223 1189 255 vere,

1035 261 1103 292 Tua
1127 269 1178 291 me
1203 260 1340 300 dignitas

1036 307 1128 345 Cogit
1152 315 1274 340 canere.

1036 354 1060 385 Ο
1088 353 1187 394 virgo,
1213 354 1326 384 florum
1349 351 1417 389 flos,

944 400 1020 432 105.
1037 400 1192 432 canentes
1217 399 1292 431 audi
1317 408 1374 431 nos

1036 448 1085 477 Ac
1111 446 1278 487 diligentes
1303 446 1369 484 hos,

1037 492 1087 525 Ne
1111 494 1266 525 zelantum
1294 493 1385 525 nobis

1036 540 1170 579 Ingruat
1194 540 1298 572 chaos.

1039 587 1141 626 Salve,
1168 588 1286 628 regina,

947 634 1127 666 110.F0ve
1152 635 1254 673 tisque
1279 633 1410 665 clericos

1037 681 1082 713 Et
1105 681 1226 720 perduc
1249 690 1306 713 nos

1035 728 1087 760 Ad
1113 732 1200 760 tuum
1225 732 1342 760 natum.

721 812 723 817 ,
745 800 772 818 11.
794 799 868 819 saec.
893 788 966 819 ¹4l15.

879 943 955 976 XII.

1013 1028 1105 1060 Nube
1129 1031 1250 1060 remota

942 1075 1111 1108 30.Tersa
1136 1077 1247 1114 culpae
1271 1079 1358 1115 nola,

1012 1123 1122 1155 Solvat
1146 1127 1181 1154 ut
1205 1126 1278 1154 vota

1009 1169 1081 1201 Tibi
1105 1179 1192 1201 mens
1216 1170 1339 1202 devota.

1013 1218 1115 1249 Tenes
1143 1217 1254 1256 lustra,

1013 1264 1074 1296 Cor
1102 1264 1235 1303 illustra,

942 1313 996 1344 35.
1012 1311 1107 1343 Unda

1014 1358 1144 1390 Gratiae
1169 1358 1313 1392 fecunda.

1010 1405 1102 1437 Lava
1126 1405 1228 1437 carnis
1255 1406 1395 1446 crimina,

1010 1453 1157 1483 Animam
1185 1452 1337 1488 illumina,

1014 1500 1238 1531 Holocaustum
1264 1500 1377 1539 anima,

940 1546 996 1578 40.
1013 1546 1092 1578 Caro
1117 1545 1246 1577 victima

1010 1593 1142 1631 Munda,

1007 1640 1101 1671 Mens
1126 1639 1232 1671 lucida

1009 1686 1059 1718 Sit
1083 1686 1228 1719 candida.

1009 1733 1124 1765 Sancte
1147 1733 1215 1765 Deo
1240 1742 1399 1773 praecare,

940 1782 996 1814 45.
1011 1781 1113 1813 Deum
1137 1789 1278 1824 precare,

1007 1828 1053 1861 Ut
1076 1827 1171 1860 hodie

1009 1875 1074 1907 Ros
1100 1877 1132 1906 et
1153 1876 1209 1907 lux
1234 1876 1354 1915 gratiae

1007 1922 1168 1954 Mundans
1191 1922 1335 1964 instillet,

1009 1970 1134 2002 Lucens
1158 1970 1319 2002 scintillet.

940 2019 993 2051 50.
1008 2017 1102 2057 Eligi,

1009 2064 1060 2096 Da
1085 2073 1155 2096 cum
1177 2065 1265 2104 agnis
1290 2065 1373 2106 eligi,

1011 2111 1059 2143 Da
1086 2120 1156 2142 cum
1181 2113 1287 2152 granis
1313 2113 1428 2154 colligi,

1012 2159 1062 2190 Da
1086 2167 1152 2189 cum
1176 2160 1271 2198 Justis
1293 2160 1392 2202 diligi,

1013 2206 1075 2237 Via
1098 2206 1183 2240 vitae
1209 2206 1312 2247 dirigi,

942 2253 996 2284 55.
1012 2252 1082 2282 Alis
1108 2252 1257 2285 virtutum
1282 2253 1370 2292 erigi,

1008 2297 1103 2336 Eligi.

332 2379 414 2406 Cant.
435 2387 488 2405 ms.
507 2379 589 2406 Petri
609 2379 645 2405 de
665 2378 788 2405 Medicis
809 2385 884 2404 saec.
907 2375 952 2404 13.
997 2378 1066 2404 Cod.
1086 2378 1275 2406 Laurentian.
1294 2379 1340 2406 Pl.
1361 2377 1405 2407 29.
1429 2379 1453 2407 1.
