1653 2566
254 231 447 264 Gamantare

250 279 306 311 Me
330 289 389 319 per
413 279 541 322 solfare,

252 326 360 367 Virgo,
389 327 520 367 dignare

250 373 295 404 Et
320 374 491 406 decantare

205 421 236 452 5.
251 420 290 452 In
315 423 368 453 tuo
393 423 520 453 nomine

250 467 378 500 Laudes
402 468 524 508 tibique
547 479 694 509 promere

249 514 358 546 Mater
383 515 424 546 da
448 516 567 555 gloriae

250 562 289 593 In
316 562 455 594 carmine
479 563 628 597 laetitiae.

251 608 300 640 Tu
326 610 400 649 quia
424 618 456 640 es

181 654 235 688 10.
251 655 366 688 Mundi
390 665 473 697 spes,

251 702 369 735 Salutis
394 712 455 746 res,

251 749 352 781 Simul
376 750 449 782 labe
474 759 574 792 cares,

253 796 382 829 Coelum
408 797 516 831 habes,

249 844 323 884 Eja,
347 846 450 877 mater
473 845 614 888 Domini,

183 891 235 924 15.
251 892 361 924 Sancti
385 891 484 924 robur
509 892 629 930 auxilii,

249 939 366 970 Preces
392 940 521 971 attende
545 939 652 971 miseri

252 986 302 1017 Ae
325 985 421 1018 inferi

253 1032 369 1064 Exsilii

254 1079 299 1111 Et
325 1079 441 1112 exaudi

182 1127 238 1159 20.
252 1127 307 1158 Ad
331 1130 364 1158 te
389 1127 561 1159 clamantes

255 1173 359 1206 Corde
382 1174 557 1215 pulsantes,

253 1221 291 1253 In
317 1224 349 1252 te
372 1221 519 1262 fidentes,

254 1268 350 1307 Spem
373 1268 525 1300 habentes

252 1314 297 1346 Et
321 1317 458 1355 egentes,

183 1362 236 1393 25.
253 1363 376 1394 Noxam
401 1360 524 1396 flentes.

250 1409 371 1441 Mentis
396 1410 544 1442 tenebras

248 1456 298 1487 Tu
323 1459 467 1489 conteras

249 1503 294 1534 Et
317 1503 448 1537 scorias,

249 1550 298 1582 Tu
320 1560 396 1583 vere
419 1553 521 1582 mater
543 1551 680 1590 luminis,

254 1605 323 1633 Ood.
343 1606 555 1642 Engelbergen.
576 1604 641 1634 314.
661 1616 737 1635 saee.
754 1605 797 1634 14.
819 1621 857 1625 —
876 1605 921 1634 56.
942 1607 1116 1635 Johannem.
1131 1620 1167 1625 —
1187 1604 1232 1633 57.
1248 1607 1434 1634 Debilitetur.
1448 1620 1486 1626 —

706 83 961 119 -191-

794 181 884 212 VIII.

867 238 922 269 30.
937 237 1021 269 Laus
1046 235 1163 275 operis,

939 284 1059 326 Cordis,
1086 282 1160 320 oris,

934 331 1011 362 Flos
1038 331 1132 362 decus
1157 328 1283 360 honoris

937 377 1022 410 Coeli
1045 376 1156 409 thoris.

937 425 1033 467 Pelle,
1064 423 1148 462 pelle
1172 423 1260 463 vitia,

866 473 920 504 35.
936 471 1100 511 Supplicia

937 519 1087 557 Saevitia,

937 566 1097 597 Virtutum
1123 565 1200 596 dans
1217 564 1315 606 initia,

935 612 1074 644 Laetitia

936 659 986 691 Sit
1010 662 1103 699 atque
1127 659 1222 692 socia.

865 706 921 739 40.
937 707 961 739 O
990 706 1104 745 Maria,

936 753 1018 786 Juva
1041 753 1104 794 pia,

936 801 985 832 Tu
1010 800 1088 832 nulli
1113 799 1227 842 gravis,

934 847 1015 879 Esto
1038 847 1148 887 pravis

938 894 1001 926 Sed
1026 894 1142 934 suavis,

867 943 922 975 45.
939 941 1023 973 Coeli
1047 941 1145 972 clavis

937 988 1140 1030 Reserabilis‚

937 1034 1109 1067 Plaeabilis

934 1082 980 1113 Et
1005 1081 1129 1123 debilis,

935 1128 982 1161 Ut
1004 1132 1060 1161 tua
1083 1128 1179 1167 natio,

867 1177 921 1209 50.
935 1176 1096 1217 Purgatio,

936 1222 1130 1263 Assumptio,

935 1269 1143 1301 Annuntiatio

936 1317 1068 1349 Palatiis
1093 1316 1209 1356 throni,

936 1365 1007 1396 Hoc
1030 1366 1078 1395 est
1102 1363 1136 1394 in
1162 1363 1267 1402 caelis,

866 1413 920 1444 55.
936 1412 1044 1444 Justos
1065 1410 1159 1450 locet,
1186 1410 1271 1449 quod
1296 1412 1330 1440 tu
1354 1409 1443 1442 velis,

936 1458 1036 1491 Simul
1060 1457 1206 1491 Johanne
1231 1457 1351 1488 debiles

936 1505 1133 1545 conjungere
1156 1504 1319 1544 perpetuis

934 1552 1009 1584 Sine
1032 1551 1119 1584 zelis.

176 1643 351 1672 Aufsehrift:
372 1645 419 1672 De
438 1645 542 1672 saneta
559 1645 656 1672 Maria
674 1646 811 1672 mutetus.

246 1778 366 1810 Serena
389 1778 556 1821 virginum,

245 1825 317 1858 Lux
341 1827 437 1865 plena
457 1826 627 1866 hominum,

246 1874 415 1912 Templum
439 1873 602 1914 trinitatis,

245 1920 398 1953 Puritatis

200 1969 230 2001 5.
246 1967 400 2007 Specialis
425 1966 593 2008 thalamus,

243 2016 331 2047 Area
357 2022 459 2047 novae
482 2014 573 2054 legis,

242 2062 389 2095 Thronus
414 2061 487 2094 novi
513 2061 606 2104 regis,

244 2109 363 2148 Vellus,
392 2109 477 2148 quod
501 2108 627 2150 rigavit,

244 2156 304 2195 Qui
329 2158 471 2189 nostrum
495 2156 637 2195 portavit

171 2205 228 2238 10.
243 2204 377 2237 Sancum
401 2205 542 2236 nostram

291 2259 417 2283 earnem
441 2251 589 2283 vestiens.

241 2299 396 2332 Nesciens

239 2348 349 2380 Virum
375 2347 477 2379 Deum
502 2346 600 2389 paris,

239 2395 264 2429 O
289 2395 406 2435 Maria,

799 1722 847 1754 IX

859 1779 914 1812 15.
929 1779 1036 1811 Mater
1062 1779 1127 1820 pia,

929 1827 1031 1860 Stella
1054 1826 1151 1859 maris

930 1873 1117 1914 Singularis,

930 1921 1040 1962 Stella,
1068 1921 1156 1960 cujus
1183 1921 1292 1954 radius

929 1968 1053 1999 Nubem
1083 1969 1209 2011 pressit,

859 2016 913 2048 20.
928 2016 1026 2054 Quam
1050 2016 1215 2054 impressit

928 2062 1017 2094 Evae
1041 2062 1135 2101 culpa
1158 2063 1258 2102 prius.

928 2110 1020 2142 Istud
1044 2109 1133 2141 nulla
1159 2110 1274 2142 caritas

926 2156 1047 2189 Metuit
1071 2158 1126 2188 aut
1151 2157 1291 2197 castitas,

930 2203 995 2236 Sed
1020 2204 1156 2243 simplex
1179 2204 1342 2237 humilitas

860 2251 914 2283 25.
928 2252 1085 2285 Ancillae.

929 2299 954 2332 O
980 2298 1148 2341 mamillae,

929 2346 1067 2385 Quarum
1092 2355 1192 2378 venae

927 2394 1048 2428 Fluunt
1068 2394 1163 2436 plene
