1653 2566
651 154 695 159 —
747 132 813 168 195
862 153 909 158 -—

196 273 344 314 Laqueus
370 275 544 307 conteritur
885 277 1021 316 Quorum
1046 277 1172 316 sanguis
1198 275 1349 315 funditur,

242 321 442 364 Venantium‚
885 324 1002 356 Anima
1028 323 1222 363 diffunditur,

193 367 278 401 Dum
308 370 470 408 quaeritur
928 371 966 402 In
992 371 1139 411 gaudium
1165 370 1316 410 ploratuS.

241 416 312 448 Rex
337 417 485 456 omnium,
810 418 867 450 20.
883 418 1001 449 Rachel
1027 417 1057 449 in
1084 418 1229 449 solatium

147 464 179 497 5.
240 464 260 496 J
264 472 335 494 esus
360 464 449 496 nasci
475 464 633 505 dignatus,
927 464 1079 504 Vertitur,
1104 464 1215 496 heatus

194 509 332 542 Frustra
357 512 426 542 rete
447 511 574 553 jacitur,
882 511 1003 544 Chorus
1028 512 1251 551 innocentium,

242 558 335 597 Quod
358 558 527 597 praevidet
549 562 716 599 pennatus,
878 559 949 592 Una
978 568 1041 590 vox
1064 559 1249 590 laetantium

193 606 373 645 Argenteus
400 606 557 645 rumpitur
927 604 1078 637 Efficitur
1102 605 1225 637 oblatus

193 651 325 691 Fumus,
358 653 432 684 dum
456 652 656 692 persequitur
808 654 863 686 25.
878 652 946 684 Deo
970 651 1170 693 sacrificium,

124 700 178 733 10.
241 699 388 732 Herodes
415 708 473 731 rex
496 699 605 731 iratus.
926 700 979 731 Ad
1005 700 1121 740 gaudia
1145 701 1316 732 translatus

195 746 331 785 Quorum
357 755 415 786 pes
438 746 587 779 avellitur
875 747 920 778 Et
944 748 1016 787 agni
1041 747 1192 788 sequitur,

240 795 271 825 A
303 793 416 833 laqueo
439 796 554 837 reatus,
880 796 1068 834 Quocunque
1093 795 1235 837 vertitur,

193 840 269 873 Vita
297 841 435 873 recurrit,
459 849 565 880 aurea,
926 841 964 873 In
988 842 1091 881 gioria
1114 842 1257 884 vestigia,

241 888 326 920 Puer
350 887 441 920 nobis
468 890 516 919 est
539 891 641 926 natus,
810 889 865 921 30.
883 888 977 928 Cujus
1003 889 1106 928 gratia

125 935 225 968 15.A
250 945 310 975 quo
337 935 445 967 donati
472 936 582 967 laurea
927 935 1055 967 liberati
1082 944 1197 968 sumus.

242 981 323 1014 Sunt
345 982 436 1021 pueri
462 982 606 1014 bimatus.

201 1037 271 1064 God.
292 1038 455 1065 Londinen.
475 1037 607 1072 Egerton
633 1035 696 1064 274.
718 1046 793 1064 πιθα.
817 1036 860 1066 13.
887 1052 923 1056 -
946 1037 1118 1065 Aufschrift:
1149 1038 1195 1065 De
1213 1039 1280 1066 1nnt
1292 1040 1430 1066 centibus.

122 1076 185 1103 Das
206 1075 280 1103 Lied
300 1077 341 1102 ist
358 1074 604 1102 wahrsuheinlieh
622 1084 681 1102 von
699 1075 853 1111 Philippus
874 1075 910 1102 {le
930 1075 1045 1102 Grevia..

196 1190 333 1229 Agmina
355 1187 489 1220 miiitiae
876 1188 995 1221 Christi
1018 1189 1141 1220 hostiae

194 1236 348 1271 coelestis
373 1236 478 1267 omnia
878 1236 990 1267 Patent
1016 1236 1105 1269 ostia.

192 1283 349 1324 Martyris
373 1283 526 1315 victoriae
877 1282 1062 1322 Sapientum
1085 1282 1239 1315 Graeciae

192 1332 368 1364 Occurrunt
393 1329 497 1369 obvia,
807 1333 861 1364 20.
876 1330 1070 1367 Facundiae,

145 1378 332 1418 5.Virginis
359 1377 492 1409 eximiae
876 1376 1111 1418 Sophismatum

191 1425 339 1457 Laudant
364 1424 544 1464 praeconia,
874 1424 919 1455 Et
944 1424 1123 1463 dogmatum

189 1473 306 1504 Rosam
335 1471 518 1510 patientiae,
872 1471 1026 1511 Argutiae

191 1520 326 1552 Pudoris
350 1519 429 1557 lilia,
876 1519 978 1551 Sileni:
1003 1521 1034 1549 et
1058 1518 1173 1550 studia.

189 1567 312 1600 Donum
339 1566 525 1606 sapientiae,
807 1568 861 1599 25.
876 1566 953 1597 Post
976 1565 1056 1597 haee
1080 1565 1185 1597 stadia

120 1616 174 1648 10.
189 1614 283 1654 Legis
311 1612 443 1653 eloquia.
876 1612 1002 1645 Gaudet,
1024 1613 1139 1652 regiae.

188 1663 286 1702 Virgo
311 1661 408 1701 regia,
876 1660 988 1693 Carnis
1013 1660 1110 1691 habet
1133 1659 1236 1700 spolia

188 1709 284 1748 Regis
308 1707 386 1749 filia,
873 1709 966 1747 Apex
992 1707 1143 1746 Arabiae,

190 1756 348 1789 Christum
377 1763 482 1794 regem
508 1754 603 1787 hodie
874 1755 954 1787 Caro
982 1757 1068 1786 caret
1093 1755 1187 1795 carie,

189 1804 227 1836 In
250 1803 329 1835 coeli
353 1803 442 1843 regia
803 1802 964 1836 30.Mens
987 1802 1198 1842 immunditia,

119 1851 343 1885 15.Reve1ata
366 1849 449 1882 facie
874 1850 983 1882 Oleum
1009 1850 1087 1881 haee
1111 1851 1233 1890 gratiae

189 1898 285 1930 Videt
307 1898 342 1928 in
366 1897 477 1937 gloria.
874 1896 940 1929 Dat,
963 1900 997 1928 et
1018 1906 1149 1937 precum
1173 1896 1332 1938 suffragia.

193 1953 276 1981 Cant.
297 1960 349 1979 ms.
371 1952 452 1979 Petri
473 1951 509 1978 de
528 1949 651 1978 Medicis
672 1958 747 1978 saec.
770 1949 812 1978 13.
855 1951 924 1979 Cod.
945 1952 1133 1980 Laurentian.
1155 1952 1199 1979 Pl.
1220 1949 1265 1979 29.
1290 1951 1313 1980 1.
1334 1953 1369 1979 A.
1390 1967 1423 1973 —

115 1991 186 2020 0051,
214 1990 379 2019 Londinen.
404 1989 536 2025 Egerton
559 1986 624 2015 274.
653 1997 728 2015 saec.
757 1986 801 2016 13.
821 1990 855 2016 B.
879 2003 916 2007 —
943 1989 1014 2017 cod.
1041 1989 1297 2025 Guelfenbyteran.
1327 1990 1427 2018 Helm-

114 2029 239 2058 stadien.
261 2025 342 2056 1099.
363 2035 439 2055 saec.
453 2024 496 2055 13.
513 2026 542 2053 Ο.
557 2041 595 2046 —
613 2024 657 2053 24.
673 2026 799 2054 silentes
821 2030 850 2054 et
862 2027 894 2054 B.
913 2042 945 2046 —
963 2024 1008 2054 32.
1032 2027 1091 2054 Dat
1109 2028 1182 2055 haee
1201 2036 1319 2064 precum
1333 2029 1366 2055 Β.
1388 2045 1389 2048 =
1413 2044 1424 2048 -

113 2066 277 2095 Aufschrift
310 2068 341 2093 in
370 2065 408 2092 B:
442 2065 489 2093 De
521 2066 622 2092 saneta
652 2064 823 2092 Katharina.
859 2078 895 2082 —
924 2064 1075 2093 Ver-fasser
1109 2067 1150 2093 ist
1181 2065 1423 2094 wahrsoheinlich

113 2106 270 2142 Philippus
292 2105 328 2132 de
348 2103 463 2131 Grevia.

185 2221 234 2252 De
258 2219 413 2259 Stephani
437 2226 528 2250 roseo
552 2219 706 2259 sanguine
870 2218 964 2258 Legis
989 2218 1152 2261 obscurae,

184 2268 366 2307 Martyrum
393 2268 527 2298 vernant
549 2266 719 2306 primitiae.
869 2265 1010 2298 Irradiat
1039 2267 1175 2306 paginae

182 2316 337 2348 Eliminat
361 2315 517 2355 pristinae
871 2313 941 2347 Lux
965 2313 1095 2353 gratiae.

182 2363 308 2397 Nubem
333 2363 522 2403 scripturae,
871 2360 975 2393 Erunt
999 2360 1125 2393 futurae

135 2416 165 2447 5.
180 2413 298 2445 Patent
323 2409 443 2452 figurae
801 2409 856 2442 10.
870 2408 976 2449 Signa,
1002 2417 1180 2452 pressurae,

1197 2462 1254 2493 13*
