1653 2566
634 84 891 123 -137-—

189 178 615 210 Cod,Oxonien.Raw1inson
638 183 661 210 C
680 180 736 211 510
768 191 844 211 saec
866 181 909 211 13.
931 183 966 209 A.
987 196 1024 201 ——
1046 181 1122 209 Cant
1140 182 1220 210 Petri
1240 182 1276 209 de
1294 181 1416 211 Medicis

112 225 188 244 saec.
205 215 248 245 13.
271 218 340 246 Cod.
359 219 549 247 Laurentian.
570 220 614 248 Pl.
638 219 683 248 29.
701 219 772 249 LB.
793 235 831 239 ——
852 220 1190 256 Cod.Gue1fenbyte1an.
1206 218 1418 249 Helmstadien.

111 252 166 282 628
200 263 276 283 saec.
306 255 349 285 13.
372 257 404 284 C.
431 273 466 277 —
492 256 556 290 2,1
577 258 689 285 Munda
707 267 810 285 manus
830 259 863 285 Β.
888 272 926 276 —-
951 256 977 292 2,
1004 255 1212 285 2mundandis
1232 258 1266 285 A.
1291 273 1329 277 —
1353 257 1379 292 2,
1401 257 1418 287 3

111 291 192 320 istud
219 294 304 321 vobis
325 294 357 323 O.
382 309 418 314 —
445 293 541 322 St1.2
568 295 646 322 steht
665 303 704 322 an
722 297 830 322 viertei
851 296 942 322 Stene
962 295 993 322 O.
1020 309 1058 313 —-
1085 294 1141 323 Str.
1161 293 1179 323 3
1199 295 1272 323 fehlt
1294 297 1330 332 03
1356 297 1418 324 dies

109 328 138 355 h
131 332 163 357 it
182 331 254 358 stati:
272 331 376 359 dessen
396 332 531 368 folgende
550 330 577 359 3.
599 331 736 368 Strophe:

565 377 695 405 Mentem
716 381 815 405 tamen
835 377 987 406 decimatis

563 415 606 442 Et
624 415 755 443 divinum
775 415 951 450 ponderatis,

564 453 644 480 Dum
663 453 779 480 minora
794 453 935 487 judicatis

603 510 610 517 .
632 510 639 516 .
663 513 669 516 .
690 490 726 517 ob
746 491 857 526 gravia,

601 528 757 555 Festucam
776 528 810 554 in
828 527 898 561 alia,

602 565 670 593 Non
689 566 803 593 trabem
823 567 855 592 in
873 566 994 601 propria

565 603 682 638 Pupilla
700 604 818 631 curati-³.

109 648 166 677 Str.
186 648 206 676 4
224 649 298 677 fehlt
310 650 343 685 B,
365 649 444 676 steht
462 657 501 676 au
520 650 639 677 zweiter
652 649 743 677 Stelle
756 649 786 677 G.
810 665 844 669 —
867 648 922 677 C‘fr.
937 649 1101 676 Milchsaek
1116 647 1178 678 173.
1198 665 1235 670 —
1255 651 1312 679 Die
1325 647 1417 681 Uber-

108 687 211 715 sehrift
228 688 321 715 bietet
338 687 373 715 A.

567 837 603 868 In
620 836 756 868 Laudem
775 836 945 868 Praesulis.

716 923 812 953 196.

115 1012 142 1043 1.
170 1010 320 1053 Excuset,
350 1018 431 1049 quae
455 1009 518 1041 vim
542 1010 659 1049 intulit,

220 1057 354 1089 Virtutis
378 1058 620 1096 praeminentia,

173 1105 206 1137 Si
232 1113 293 1145 qua
318 1104 467 1136 laudator
492 1104 618 1144 obtulit,

218 1152 304 1191 Quae
329 1150 423 1183 factis
448 1155 522 1183 sunt
543 1151 688 1192 imparia,

172 1199 244 1231 Non
269 1199 352 1230 enim
376 1198 456 1230 mihi
481 1199 597 1230 detulit

217 1246 360 1278 Affectus
385 1246 447 1277 mei
473 1246 572 1285 copia,

173 1293 250 1326 Cum
275 1302 326 1324 me
347 1293 472 1333 Jactare
497 1292 649 1332 compulit

218 1341 337 1373 Contra
360 1343 531 1372 torrentem
558 1340 699 1373 brachia.

110 1428 142 1459 2.
168 1428 256 1467 Quae
281 1424 403 1458 formae
427 1425 512 1457 vitae
538 1426 691 1466 congruit,

217 1474 325 1506 Mores
350 1471 503 1504 informat
527 1481 635 1512 opera,

167 1520 292 1561 Lingua
316 1519 475 1559 subjectos
501 1520 640 1562 instruit,

215 1568 356 1608 Egentes
382 1567 488 1607 pascit
513 1567 655 1607 dextera,

167 1616 268 1655 Quam
293 1617 405 1647 sancta
428 1624 491 1647 vox
515 1614 633 1654 elicuit,

213 1664 332 1695 Aurem
358 1662 541 1702 impregnat
564 1662 666 1703 litera,

166 1711 260 1743 Visus
285 1710 407 1742 lasciva
431 1709 562 1752 respuit,

213 1758 306 1790 Mens
330 1758 563 1797 contemplatur
584 1765 710 1796 supera,

112 1844 142 1876 3.
169 1842 290 1876 Mentis
314 1841 404 1884 fugat
428 1853 448 1875 a
471 1842 581 1874 limine

214 1890 331 1922 Fastus
355 1891 457 1923 omnis
482 1890 659 1930 rubiginem

164 1938 210 1970 Et
232 1938 265 1969 in
291 1946 413 1976 poenae
436 1936 605 1969 libramine

216 1984 332 2017 Servat
354 1985 439 2016 hunc
459 1984 542 2023 juris
567 1984 723 2023 ordinem,

167 2033 259 2073 Quod
285 2032 360 2064 dum
384 2033 500 2071 pensat
521 2032 554 2063 in
577 2031 704 2063 homine

216 2079 399 2113 Conditoris
424 2079 602 2119 imaginem,

166 2128 217 2160 Ex
237 2128 349 2159 innata
376 2126 545 2159 dulcedine

215 2174 305 2207 Citra
325 2175 379 2214 jus
406 2173 499 2214 punit
520 2173 689 2206 hominem.

794 1011 826 1044 4.
853 1010 949 1049 Quem
978 1010 1126 1050 dignatur
1150 1010 1313 1043 affectibus

900 1057 981 1089 Tuto
1006 1058 1127 1097 potitur
1150 1058 1253 1099 litore,

853 1103 958 1136 Nullis
983 1106 1129 1144 raptatur
1151 1103 1299 1137 fiuctibus

897 1151 988 1183 Fune
1012 1153 1153 1184 retentus
1178 1161 1322 1190 ancorae,

854 1198 934 1230 Beat
957 1199 1071 1238 amplis
1096 1198 1261 1244 reditibus,

900 1246 983 1285 Quos
1009 1247 1111 1278 erexit
1136 1246 1176 1278 de
1199 1249 1348 1291 stercore,

852 1291 895 1324 Et
922 1293 1058 1326 exsolvit
1079 1292 1242 1326 laboribus

900 1339 1023 1372 Sortem
1056 1349 1125 1372 cum
1150 1341 1248 1373 multo
1275 1340 1413 1376 foenore.

797 1426 827 1457 ⁹.
851 1424 876 1457 Ο
900 1425 928 1456 si
957 1423 1042 1457 facta
1068 1426 1273 1470 discerneres,

903 1473 1039 1512 Quorum
1065 1473 1193 1505 metitur
1217 1475 1345 1515 exitum,

853 1518 924 1551 Non
950 1520 1051 1551 solum
1076 1520 1137 1551 sibi
1162 1521 1321 1563 crederes,

901 1566 965 1598 Sed
990 1567 1047 1599 toti
1070 1568 1188 1600 mundo
1209 1570 1366 1609 genitum;

851 1613 918 1653 Quo
942 1615 1016 1654 plus
1039 1623 1131 1646 suum
1156 1615 1360 1657 disquireres,

901 1661 976 1693 Plus
1001 1662 1179 1694 abundaret
1202 1664 1360 1707 meritum,

851 1707 984 1741 Fontem
1010 1709 1100 1749 prius
1127 1709 1281 1751 ebiberes‚

900 1756 998 1795 Quam
1023 1757 1162 1789 inanires
1186 1758 1342 1797 spiritum.

818 1867 826 1875 .
852 1841 932 1879 Quia
955 1850 1015 1873 nec
1040 1845 1126 1874 metu
1151 1841 1318 1885 frangitur,

903 1888 973 1920 Nec
996 1888 1116 1930 favore,
1142 1898 1202 1921 nec
1224 1891 1339 1930 pretio,

852 1935 928 1969 Cum
955 1937 1014 1967 soli
1040 1936 1101 1968 sibi
1127 1936 1268 1968 creditur

899 1984 1039 2015 Pastoris
1064 1982 1245 2023 assignatio,

853 2030 973 2071 Virtus,
998 2039 1062 2061 non
1088 2040 1186 2071 genus
1210 2032 1383 2072 quaeritur,

899 2076 971 2109 Non
997 2086 1118 2116 census,
1144 2078 1202 2110 sed
1227 2080 1348 2122 religio,

853 2123 922 2156 Nee
946 2123 986 2156 ab
1013 2133 1049 2157 eo
1070 2124 1255 2164 praeficitur

900 2171 971 2203 Nisi
997 2172 1110 2213 dignus
1134 2171 1251 2207 officio.

184 2279 268 2307 Cant.
289 2287 343 2306 ms.
363 2278 443 2306 Petri
464 2276 501 2304 de
519 2276 644 2304 Medicis
665 2284 741 2304 saec.
764 2272 807 2304 13.
849 2275 917 2303 Cod.
936 2276 1127 2304 Laurentian.
1147 2275 1192 2304 Pl.
1210 2274 1256 2304 29.
1279 2276 1303 2305 1.
