1653 2564
755 59 1009 94 -198—

304 152 400 190 Quem
425 151 482 183 sub
507 153 576 192 lege
982 154 1077 192 Cujus
1102 154 1228 185 abunde

301 198 398 230 Jubes
424 199 548 238 degere,
979 198 1124 231 Effluant
1143 200 1258 242 undae,

302 245 377 277 Sine
399 245 470 276 luce
980 245 1074 277 Unde

301 292 370 323 Tua
395 291 474 322 duce
910 294 964 325 25.
979 292 1052 324 Sint
1074 293 1198 324 animae

232 339 284 370 15.
300 338 388 370 Nihil
412 347 565 377 prospere
977 339 1061 370 Fide
1084 340 1229 378 mundae,

298 385 431 417 Possum
455 393 561 424 agere,
977 385 1042 424 Spe
1062 386 1231 426 jucundae,

300 432 394 463 Vitae
977 432 1027 463 Da
1051 434 1173 472 gratiae
1197 441 1269 464 rore

302 478 366 509 Des
392 476 529 509 fructum
557 479 596 510 de
621 478 686 510 vite
977 479 1085 511 Sancti
1111 480 1240 520 spiritus
1265 489 1372 512 amore

297 525 434 563 Elicere,
906 527 960 558 30.
976 525 1144 570 Pmficere,

227 572 283 603 20.
296 571 447 603 Fecunde
976 573 1032 604 Me
1055 574 1109 612 qui
1134 574 1271 606 docebit.

299 617 440 650 Gratiam
466 617 573 658 funde,

304 673 385 701 Cant.
406 682 458 699 ms·
476 673 556 700 Petri
577 673 612 700 de
631 674 755 702 Msdicis
777 681 850 701 naec.
873 672 915 702 13.
951 675 1019 703 God.
1041 676 1230 704 Laurentian.
1253 677 1297 704 Pl.
1318 675 1363 704 29.
1386 675 1412 704 1.

295 797 383 829 Doce
406 806 463 828 nos
488 797 583 829 hodie
972 799 1022 832 Sit
1044 803 1080 831 ut
1104 801 1192 840 virgo
1218 800 1313 846 fatua,

294 844 386 875 Viam
410 844 598 882 prudentiae
973 847 1082 879 Vacua

293 891 455 930 Stabilem,
971 893 1118 933 Liquoris

293 938 412 971 Christi
437 939 567 981 veritas,
902 943 957 975 25,
971 940 1013 972 Et
1039 942 1195 974 exstincta
1219 952 1296 975 vasa
1317 950 1439 982 gerens,

247 987 278 1018 5.
292 985 336 1016 Et
361 985 413 1025 qui
437 986 537 1016 lucem
563 985 688 1018 habitas
973 989 1108 1020 Frustra
1132 998 1285 1029 quaerens

291 1032 558 1073 naccessibilem,
971 1036 1102 1067 Aditum

290 1079 379 1111 Pelle
403 1080 505 1119 gratia
970 1083 1043 1115 Jam
1066 1083 1172 1115 clausa
1193 1084 1300 1122 janua.

290 1126 476 1166 Splendoris
969 1129 1069 1169 Igitur
1093 1133 1125 1161 te
1149 1131 1278 1162 vocibus

292 1173 403 1205 Noctis
426 1174 542 1216 taedia,
901 1178 955 1210 30.
970 1176 1181 1219 Supplicibus‚

223 1221 276 1253 10.
291 1220 444 1253 Remedia
968 1223 1024 1254 Pie
1048 1233 1104 1256 rex
1129 1224 1258 1265 gIoriae,

292 1268 448 1300 Moeroris
969 1271 1120 1311 Petimus,

292 1314 446 1347 Gentibus
970 1318 1032 1349 Per
1057 1327 1147 1358 quem
1173 1317 1308 1359 fugimus

289 1363 379 1394 Intus
405 1363 599 1401 gementibus
970 1364 1130 1398 Tenebras
1155 1366 1279 1405 erroris,

290 1409 418 1449 Tribue,
900 1413 955 1445 35.
970 1412 1021 1443 Ad
1047 1415 1079 1443 te
1103 1413 1334 1452 suspirantibus

221 1456 274 1488 15.
290 1456 377 1488 Tuae
401 1457 487 1497 gregi
512 1465 650 1497 pascuae
969 1458 1019 1490 Da
1042 1460 1198 1499 spiritum,

286 1503 337 1535 Da
361 1504 507 1544 spiritum
531 1504 666 1543 timom's,
967 1506 1167 1547 Paraclstum,

289 1551 335 1583 Ut
358 1554 390 1583 te
416 1551 528 1593 diligat
970 1552 1063 1592 Cujus
1088 1554 1193 1586 unctio

287 1598 330 1630 Et
356 1599 452 1639 eligat
967 1599 1084 1631 Vitium
1109 1601 1229 1633 arcebit

287 1646 419 1678 Arduae
899 1648 955 1680 40.
969 1646 1014 1678 Et
1039 1649 1165 1681 excluso
1191 1649 1267 1680 vitio

218 1693 272 1724 20.
289 1693 380 1725 Vitae
405 1693 544 1733 semitas,
966 1694 1015 1727 De
1039 1695 1208 1728 virtutibus

288 1740 338 1771 Ne
362 1740 440 1772 foris
966 1741 1032 1773 Nos
1059 1743 1195 1777 docebit.

296 1795 379 1823 Cant.
400 1804 452 1824 ms.
473 1796 553 1823 Petri
576 1797 612 1824 de
630 1796 752 1824 Medicis
773 1804 847 1823 saec.
871 1795 914 1825 13.
955 1797 1025 1825 Cod.
1046 1799 1233 1826 Laurentian.
1256 1800 1300 1827 Pl.
1320 1796 1365 1827 29.
1390 1797 1414 1825 1.

820 1865 910 1898 XXI.

286 1920 375 1952 Doce
395 1930 452 1953 nos
478 1922 605 1962 optime,
898 1923 951 1955 10.
966 1922 1071 1954 Vitam
1097 1923 1261 1965 distribue,

288 1968 380 2000 Vitae
405 1967 485 2011 som,
512 1969 597 2001 salus
623 1969 754 2012 animae,
966 1969 1037 2001 Sint
1059 1973 1094 2001 ut
1118 1970 1266 2002 assiduae

285 2015 407 2048 Mundo
432 2025 489 2047 nos
515 2017 630 2056 adime,
964 2017 1055 2050 Duae
1078 2027 1188 2051 manus
1213 2017 1301 2059 Liae,

284 2062 354 2094 Rex
379 2063 546 2106 unigenite,
964 2064 1056 2097 Mens
1081 2065 1215 2105 Mariae,

243 2112 273 2141 5.
288 2110 376 2141 Vena
402 2110 501 2142 divite
965 2112 1036 2145 Sint
1060 2116 1186 2145 mutuae

286 2156 348 2189 Cor
371 2156 487 2197 imbue,
894 2158 948 2191 15.
962 2159 1054 2192 Plebi
1075 2162 1159 2200 tuae,

285 2203 327 2234 Os
351 2204 483 2242 instrue,
964 2207 1142 2247 Perpetuae

284 2249 369 2288 Opus
394 2250 526 2282 restitue
962 2253 1057 2284 Vitae
1081 2263 1169 2293 spem
1192 2254 1308 2296 tribue,

282 2296 396 2327 Manus
422 2298 579 2338 strenuae,
964 2299 1049 2336 Quae
1072 2309 1129 2331 nos
1156 2300 1290 2333 docebit.

289 2350 373 2377 Cant.
393 2359 445 2378 ms.
466 2352 545 2379 Petri
566 2353 601 2380 de
620 2352 742 2379 Medicis
763 2360 838 2380 saec.
862 2350 905 2380 13.
946 2354 1015 2381 God.
1036 2355 1224 2382 Laurentian.
1245 2356 1286 2383 Pl.
1308 2355 1354 2384 29.
1376 2354 1401 2383 1.
