1653 2564
251 1823 271 1854 [Φ

790 115 1022 149 -82-

739 231 783 262 De
804 232 911 262 saneto
932 232 1066 263 Nicolao.

855 314 952 347 120.

282 429 288 436 .
315 401 430 434 Sancto
455 401 517 433 Dei
541 401 673 434 Nicolao

360 449 446 481 Laus
476 449 568 481 detur
594 452 626 480 et
650 450 762 490 gloria,

315 496 415 528 Istum
439 504 574 536 namque
599 496 726 537 dignum
751 497 846 529 laude

361 543 487 575 Recolit
511 544 654 584 ecclesia,

315 590 422 623 Omnis
446 590 581 623 mundus
606 591 647 622 sit
669 592 829 630 jucundus

360 638 396 669 In
423 639 489 678 ejus
514 639 695 677 praeconio.

936 406 966 437 3.
993 404 1120 444 Pauper
1144 405 1206 435 iste
1228 404 1325 435 trium
1350 408 1442 444 pater

1039 451 1225 483 Exsistebat
1251 451 1418 491 virgiuum,

993 498 1100 538 Egens
1125 507 1208 537 pane
1232 498 1381 538 lupanari

1039 545 1250 577 Destinantur
1274 546 1422 587 omnium,

992 592 1090 631 Quem
1117 592 1231 624 ditavit
1254 592 1406 625 Nicolaus

1036 641 1174 680 Propter
1196 649 1302 681 regem
1328 642 1475 675 omnium.

317 723 425 756 Caeeis
450 722 561 762 visum,
587 723 708 755 claudis
734 732 874 763 gressum
931 725 963 757 4.
989 724 1075 764 Ergo
1100 724 1202 756 Deum
1226 726 1444 765 supplicantes

359 769 484 802 Mancis
508 779 618 801 manus
643 771 795 811 reddidit,

315 817 421 857 Atque
444 819 552 849 natum
577 818 663 857 patri
687 821 813 858 raptum

359 864 401 896 Ei
424 863 512 896 flenti
537 864 689 906 reddidit,

314 912 434 943 Aurum
459 911 563 943 dando
588 912 741 944 relevavit

359 958 545 999 Pauperem,
572 959 624 998 qui
648 959 793 992 credidit.

1038 771 1219 803 Laudemus
1244 773 1408 804 humiliter

990 818 1034 850 Et
1057 818 1140 850 hunc
1164 823 1308 851 sanctum
1332 820 1495 853 Nicolaum

1039 866 1230 905 operantem
1254 868 1363 899 taliter

989 912 1035 944 Et
1058 916 1188 945 ovantes
1214 915 1281 954 ejus
1305 914 1421 946 festum

1038 960 1178 1000 Agamus
1203 962 1394 994 solemniter.

331 1059 401 1087 Cod.
423 1060 548 1087 Parisin.
567 1058 616 1093 (ol.
636 1059 816 1096 Martialen.)
834 1059 919 1090 3719.
941 1070 1016 1089 saec.
1039 1060 1084 1090 12.

280 1340 287 1347 .
314 1314 379 1345 Iste
401 1313 550 1352 puerulus

359 1360 474 1392 Jaeens
500 1360 661 1393 cunabulis

311 1407 383 1439 Jam
409 1406 526 1439 Christi
551 1406 686 1440 famulus

356 1454 495 1495 Fulgens
518 1455 689 1497 miraculis,

311 1501 439 1541 Quarta,
465 1504 555 1533 sexta
579 1501 660 1535 feria

311 1548 465 1580 Servabat
485 1549 615 1588 jejunia.

313 1605 423 1637 Sancti
445 1604 571 1637 Nicolai

359 1660 504 1684 vacemus
526 1653 637 1693 titulis,

312 1699 389 1731 Cum
414 1708 534 1731 summa
557 1700 681 1732 laetitia

310 1747 486 1787 Pangentes
510 1747 661 1787 AlleluJa.

277 1846 283 1853 .
310 1821 397 1854 Hinc
421 1829 535 1860 expers
560 1823 701 1855 criminis

320 1873 331 1880 '
355 1869 490 1902 Placens
514 1869 547 1900 in
571 1871 669 1902 oculis

308 1916 370 1948 Dei
391 1918 424 1948 et
445 1917 580 1949 hominis

355 1963 432 1995 Fuit
456 1964 497 1995 ad
521 1965 677 2003 praesulis

307 2012 480 2043 Provectus
511 2010 640 2053 fastigia

306 2058 423 2090 Divina
447 2058 621 2091 clementia.

273 2158 280 2164 .
308 2133 467 2172 Oppresso
492 2134 609 2172 populo

352 2179 460 2210 Famis
486 2179 627 2211 articulis

305 2227 355 2257 Ac
379 2226 412 2257 10
435 2225 576 2265 periculo

352 2272 465 2304 Nautis
490 2273 688 2311 conquerulis

306 2320 388 2351 Prae
416 2319 526 2351 mortis
552 2320 697 2359 angustia

305 2365 444 2398 Donavit
468 2365 625 2405 suffragia.

857 1228 952 1261 121.

956 1342 963 1349 .
989 1318 1107 1350 Beatus
1128 1318 1273 1358 pontifex

1035 1365 1150 1397 Tribus
1177 1367 1333 1399 clericulis

989 1413 1169 1445 Permansit
1193 1412 1301 1453 opifex

1036 1460 1143 1499 Atque
1171 1461 1320 1499 puellulis

990 1507 1053 1538 Pro
1077 1507 1178 1546 patris
1202 1508 1311 1549 inopia

987 1553 1112 1585 Paratis
1138 1555 1178 1586 ad
1207 1555 1290 1588 vitia.

958 1616 971 1630 ⁰
990 1609 1099 1642 Sancti
1122 1610 1250 1643 Nicolai

1036 1666 1182 1689 vacemus
1207 1659 1317 1703 titulis,

987 1704 1064 1737 Cum
1089 1714 1210 1737 summa
1232 1707 1357 1739 laetitia

985 1752 1163 1792 Pangentes
1188 1754 1338 1794 Alleluja.

952 1850 959 1857 .
985 1828 1049 1860 Hic
1072 1828 1170 1860 vitam
1196 1829 1340 1862 reddidit

1032 1875 1139 1907 Strato
1164 1876 1327 1918 vehiculis,

984 1923 1125 1955 Judaeus
1152 1924 1290 1956 credidit

1031 1969 1109 2002 Mox
1133 1972 1372 2011 perpendiculis

987 2017 1076 2056 Auri,
1103 2019 1187 2058 quod
1211 2020 1245 2051 in
1269 2021 1373 2054 media

986 2063 1153 2099 Pei-fusum
1178 2066 1261 2098 vidit
1284 2067 1344 2099 via.

950 2163 958 2171 .
983 2139 1063 2178 EJ'us
1088 2141 1282 2172 mausoleum

1030 2186 1151 2218 Diebus
1176 2188 1307 2228 singulis

981 2232 1110 2264 Emittit,
1133 2234 1246 2274 oleum,

1029 2280 1120 2318 Quod
1144 2281 1246 2313 morbi
1270 2282 1400 2314 maculis

982 2324 1113 2357 Infectis
1138 2328 1279 2359 remedia

981 2371 1118 2403 Praebet
1141 2374 1302 2408 salutaria.
