1653 2564
714 99 970 136 —108—

643 196 674 228 A
698 198 801 234 patre,
824 195 877 235 qui
902 195 1033 234 corrigit

645 242 773 284 Filium,
798 250 889 282 quem
915 241 1028 282 diligit,

693 288 852 329 Castigato
875 289 980 329 genito

691 336 821 369 Leviter
846 344 885 368 ex
908 337 1032 368 merito.

271 422 354 449 Cant.
380 429 433 449 ms.
452 421 532 448 Petri
552 419 587 446 de
606 420 729 447 Medicis
763 428 838 447 saec.
860 417 903 447 13.
927 419 994 447 Cod.
1015 418 1204 446 Laui-entiam.
1225 419 1269 446 Pl.
1290 416 1335 445 29.
1359 418 1382 446 1.
1404 419 1437 445 A.
1458 432 1494 436 —

196 461 264 489 Cod.
286 460 427 487 Oxonien.
447 458 617 485 Rawlinsen
639 457 661 484 C
682 455 737 485 510
757 466 832 485 saec.
854 455 897 484 13.
917 459 950 484 Β.
971 471 1007 477 —-
1029 456 1097 484 Cod.
1119 456 1373 491 Guelfenbyteran.
1394 456 1494 483 Helm-

194 497 317 525 stadien.
337 495 401 524 62e.
423 504 496 523 saec.
512 493 557 523 13.
575 494 597 521 G
609 495 727 529 (daraus
740 495 906 523 Milchsack
925 493 998 527 167).
1018 511 1055 514 —
1076 495 1127 521 BC
1146 494 1243 521 haben
1260 493 1346 522 beidc
1364 503 1419 521 nur
1433 493 1495 521 drci

196 535 354 570 Strophen:
379 535 476 562 fas2en
496 534 549 560 wir
569 533 616 559 die
636 533 704 560 aoht
723 535 817 560 ersten
837 533 938 560 Zeilen
958 533 1001 560 als
1023 531 1149 564 Stollen,
1177 532 1224 559 die
1242 533 1305 559 vier
1325 531 1432 559 letz‘ten
1452 531 1495 558 als

194 574 359 609 Abgesang,
386 579 418 599 so
439 571 491 598 hat
509 571 557 598 die
575 570 662 598 letzte
682 570 814 605 Strophe‚
841 571 898 597 wie
917 579 948 598 so
970 569 1019 603 oft,
1041 570 1197 606 doppelten
1216 570 1381 605 Abgesang.
1408 584 1445 589 -
1471 569 1495 596 Β

194 612 276 646 giebt.
294 610 340 637 die
361 608 528 637 Aufschrift.

516 747 710 779 Lamentatio
733 746 855 777 animae
874 747 1003 786 peccata
1026 745 1174 778 deflentis.

798 833 894 864 160.

614 921 658 952 R⁰
683 921 847 954 Canticum
870 921 1011 953 laetitiae

734 969 868 1000 Vertens
892 968 926 999 in
949 969 1086 1000 lamenta

686 1015 772 1049 Cano
797 1015 1010 1055 poenitentiae

734 1062 859 1102 Lugens
884 1063 1085 1094 monimenta.

201 1140 230 1171 1.
257 1138 448 1177 Temporum
473 1136 625 1168 memoria
877 1138 907 1169 5.
933 1136 1043 1168 Foeda
1066 1135 1149 1176 gessi
1173 1137 1327 1178 sensibus,

257 1185 312 1218 Me
335 1186 439 1224 replet
462 1183 616 1225 angustia,
932 1184 1059 1216 Abusus
1084 1192 1152 1215 sum
1177 1183 1307 1222 viribus,

256 1232 341 1263 Dum
366 1240 469 1271 cerno,
495 1230 580 1270 quod
603 1231 711 1262 nescia
935 1230 1057 1269 Corpus
1082 1230 1157 1262 dedi
1179 1231 1326 1269 turpibus

304 1277 446 1311 Defluxit
466 1279 608 1317 juventa,
983 1277 1099 1310 Vivens
1122 1279 1159 1309 ut
1178 1278 1330 1319 jumenta,

257 1326 369 1359 Fluxit
393 1325 460 1364 eJ'us
485 1324 585 1365 gloria
934 1325 1065 1357 Vinctus
1090 1333 1159 1356 sum
1183 1325 1323 1356 reatibus

302 1373 401 1404 Nulla
424 1380 481 1411 spe
505 1374 638 1404 retenta.
983 1372 1108 1404 Metens
1133 1371 1331 1405 detrimenta.

201 1450 231 1480 2.
258 1447 309 1480 En
332 1449 455 1487 tempus
481 1447 635 1486 exiguum,
878 1447 909 1480 6.
936 1448 1103 1479 Fautorem
1134 1446 1269 1487 deserui,

259 1494 376 1527 Datum
401 1493 442 1526 ad
467 1493 651 1533 proficuum,
933 1493 1066 1525 Factum
1090 1493 1238 1525 mundum
1266 1493 1357 1534 colui,

257 1541 409 1581 Elapsum
436 1543 484 1571 est,
508 1549 648 1581 vacuum,
935 1540 1071 1572 Satanae
1093 1549 1145 1572 me
1167 1540 1299 1579 praebui

306 1588 427 1628 Elapsa
450 1590 616 1629 momenta,
984 1587 1122 1626 Sequens
1146 1589 1382 1628 temptamenta,

260 1635 432 1675 Restatque
455 1637 642 1674 perpetuum
936 1635 974 1667 In
997 1635 1089 1665 malis
1115 1635 1291 1674 computrui

307 1682 445 1722 Tempus
469 1682 511 1714 ad
536 1684 703 1715 tormenta.
983 1682 1030 1715 Ut,
1052 1690 1104 1713 res
1129 1682 1324 1715 caenulenta.

203 1760 234 1791 3.
261 1757 395 1790 Deserta
417 1756 587 1795 prudentia
880 1758 910 1790 7.
936 1757 1017 1796 Heu,
1041 1757 1146 1797 miser,
1173 1757 1248 1797 quid
1273 1756 1398 1796 faciam,

262 1804 449 1844 virtuteque
472 1804 557 1836 socia
936 1804 1066 1844 Quando
1092 1805 1165 1836 talis
1189 1805 1313 1836 veniam

262 1851 378 1884 Erravi
402 1859 461 1891 per
486 1851 577 1883 devia
937 1852 990 1883 Ad
1016 1850 1133 1883 Christi
1158 1852 1370 1890 praesentiam

307 1898 465 1938 Spernens
492 1899 688 1938 documenta,
984 1900 1073 1931 Inter
1096 1902 1307 1938 monumenta,

261 1945 385 1986 Lapsus
410 1954 478 1978 sum
502 1946 543 1977 ad
570 1945 656 1985 vitia,
937 1946 994 1984 qu
1020 1946 1132 1977 reddet
1153 1946 1310 1984 justitiam

309 1994 424 2025 Mortis
449 1992 606 2025 a1imenta.
986 1993 1163 2025 Secundum
1185 1993 1323 2026 inventa.

204 2071 236 2102 4.
262 2069 424 2101 Facienda
447 2069 564 2111 respui,
881 2070 912 2102 8.
938 2068 1057 2100 Dolens
1083 2077 1156 2109 ergo
1183 2069 1284 2109 doleo,

262 2116 349 2158 Feci,
375 2124 456 2156 quae
478 2125 542 2147 non
568 2115 673 2156 debui,
939 2116 1043 2147 Tanta
1066 2117 1151 2148 mala
1175 2114 1275 2148 defleo

264 2162 398 2194 Caducis
424 2163 555 2202 exposui
941 2163 1141 2202 Aeternaque
1167 2163 1261 2194 timeo

310 2210 454 2249 Accepta
477 2210 616 2249 talentm,
987 2210 1062 2242 Plus
1088 2210 1308 2248 cruciamenta,

262 2257 358 2289 Unde
381 2256 477 2288 miser
500 2256 598 2288 merui
940 2256 1027 2295 Quae
1049 2258 1204 2289 malorum
1228 2257 1320 2289 video

312 2304 421 2344 Cocyti
446 2302 572 2335 fluenta.
987 2303 1071 2336 Fore
1096 2304 1331 2343 complementa.
