1653 2564
659 78 914 111 —124-

749 168 840 198 1⁵78·

491 218 534 248 De
554 224 668 256 sponsa
689 226 755 248 cum
777 225 887 257 sponso
910 218 1093 258 quiescente.

148 277 177 308 1.
205 276 267 306 (fur
290 275 368 306 livet
392 274 490 305 hostis
514 273 641 313 impius,
821 275 853 306 3.
880 274 922 305 Et
948 274 1112 305 caritatem
1137 272 1265 305 ordinat,

252 321 340 359 Quod
354 329 486 360 sponsus
496 319 763 360 amatsponsam?
925 320 962 353 In
987 328 1105 359 sponsa
1128 329 1262 359 sponsus
1289 328 1404 362 veram,

203 370 241 401 Iu
266 368 332 399 viui
356 367 466 399 cellam
492 368 608 398 castius
878 368 978 406 Quam
1003 367 1163 406 duplicem
1188 366 1378 398 determinat

250 414 380 447 Induxit
404 414 486 445 hane
509 414 686 445 abconsam.
926 414 1058 453 Semper
1081 421 1209 445 servare
1232 422 1361 445 meram.

145 473 176 505 2.
203 470 268 503 Sub
293 470 405 502 umbra
427 470 536 509 sponsi
561 470 672 502 sedula
822 472 853 503 4.
878 469 957 502 Vult
981 478 1054 509 ergo
1080 478 1197 510 sponsa
1218 467 1350 501 floribus

249 517 366 549 Securo
390 517 569 558 requiescit,
925 516 970 548 Et
990 517 1081 548 malis
1107 516 1289 560 constipari,

203 564 274 596 Nee
297 565 407 605 gravia
430 563 573 602 pericula
878 562 1029 595 Robustis
1055 567 1086 594 et
1112 563 1270 595 debilibus

248 612 337 642 Haec
361 611 461 642 hostis
486 611 690 649 pertimescit.
926 610 1121 643 Desiderans
1147 611 1263 642 ornari.

537 669 567 699 5.
598 666 685 706 Ergo
709 667 845 708 tabesce‚
871 666 980 698 invide

640 712 760 752 Hostis,
791 714 835 745 nil
861 716 949 745 curat
975 722 1100 753 sponsa,

595 759 659 792 Sub
685 761 797 792 umbra
821 761 930 800 sponsi
954 760 1082 800 placide

642 807 782 846 Quiescit
803 808 867 846 jam
893 807 1056 839 absconsa.

220 864 289 890 t'od.
309 863 473 890 Berolinen.
496 862 591 890 Germ.
614 860 631 889 8
667 860 729 890 190.
750 870 825 890 saec.
848 861 890 889 15.
912 871 955 890 ex.

743 937 837 967 1¹79.

611 981 655 1013 De
675 981 748 1013 Fide
769 983 802 1012 et
819 981 971 1014 veritate.

372 1035 402 1066 1.
430 1034 454 1066 Ο
479 1042 582 1065 mores
607 1033 749 1072 perditos
773 1036 804 1064 et
827 1042 948 1065 morum
973 1032 1113 1073 foedera,

428 1080 499 1112 Non
525 1083 637 1112 curant,
659 1079 776 1122 superi,
802 1080 887 1119 quod
911 1083 1006 1120 agant
1028 1079 1142 1119 infera,

431 1127 586 1159 Sinistrae
609 1128 710 1159 manui
737 1128 888 1160 mentitur
914 1128 1054 1168 dextera,

427 1174 497 1205 Nee
520 1176 630 1206 carent,
650 1173 818 1205 fraudibus
841 1172 983 1206 fraterna
1007 1175 1118 1206 latera.

372 1233 402 1263 2.
429 1231 457 1262 A
484 1231 579 1270 primi
604 1230 727 1270 generis
752 1230 879 1262 humani
903 1229 1022 1270 stipite,

430 1279 460 1309 A
485 1278 559 1309 solis
586 1278 724 1317 cardine,
752 1287 770 1309 a
794 1279 900 1308 terrae
921 1276 1041 1318 limine,

427 1326 457 1355 A
480 1324 591 1355 mundi
614 1323 729 1355 finibus
756 1324 900 1364 exempla
923 1324 1046 1365 sumite,

427 1370 590 1410 Nusquam
616 1373 684 1403 tuta
707 1369 797 1414 fides,
826 1374 955 1410 experto
982 1370 1110 1402 credite.

372 1429 403 1460 3.
429 1427 500 1468 Die,
524 1430 634 1469 mater,
661 1426 727 1459 filio
754 1426 816 1467 die,
841 1427 944 1467 sodes,
969 1427 1072 1466 unico,

429 1473 491 1505 Die
513 1474 568 1505 ubi
592 1474 716 1505 habita-s
741 1474 774 1505 in
798 1474 859 1505 hoe
883 1472 1018 1505 exsilio?

429 1522 482 1552 An
505 1521 567 1552 imo
591 1521 731 1560 vallium,
754 1530 794 1552 an
818 1521 932 1552 montis
957 1520 1042 1559 cilio,

430 1569 482 1599 An
508 1568 588 1599 casis
613 1576 796 1607 pauperum,
822 1577 863 1599 an
886 1567 976 1607 regni
1000 1565 1104 1599 solio?

372 1627 404 1657 4.
430 1624 513 1656 Olim
537 1633 589 1655 res
613 1623 700 1662 fidei,
725 1632 809 1655 nune
831 1623 944 1655 umbra
967 1623 1091 1661 colitur,

429 1671 511 1703 Olim
535 1671 603 1702 sola
626 1669 715 1713 fides,
742 1679 826 1702 nune
851 1673 883 1701 et
906 1669 993 1702 fraus
1016 1669 1149 1709 fallitur,

428 1718 474 1749 Et
498 1717 564 1749 doli
587 1717 733 1749 maehina
759 1717 849 1749 dolus
872 1717 1049 1758 repellitur,

428 1765 466 1797 In
493 1765 564 1797 dolo
591 1765 680 1796 dolus
707 1767 755 1795 est
779 1766 811 1795 et
834 1764 923 1796 dolus
947 1764 1080 1796 tollitur.

221 1819 291 1848 Ood.
311 1820 435 1848 Parisin.
456 1818 505 1854 (ol.
527 1817 706 1853 Martialen.)
725 1816 809 1847 3549.
830 1827 905 1846 saec.
928 1816 971 1846 12.

744 1892 843 1923 180.

556 1938 638 1975 Quod
658 1938 778 1970 veritas
803 1938 904 1969 odium
924 1938 1040 1979 pariat.

150 1995 177 2026 1.
203 1991 339 2024 Adulari
363 1990 505 2023 nesciens
823 1991 855 2023 2.
879 1989 998 2030 Magna
1023 1989 1099 2021 mihi
1123 1989 1233 2029 gloria,

251 2039 301 2070 Ab
327 2039 436 2070 amicis
464 2038 601 2080 deseror7
928 2036 972 2079 Si,
999 2045 1079 2076 quae
1102 2037 1224 2076 loquor,
1251 2036 1395 2075 sentiam,

206 2087 288 2126 Quos
312 2093 440 2118 movere
465 2084 603 2125 cupiens,
881 2083 977 2116 Salva
1002 2084 1223 2123 consequentia

252 2132 354 2165 Nimis
379 2140 474 2172 aegre
497 2131 626 2173 toleror,
927 2130 1048 2169 Sequor
1072 2130 1250 2172 amicitiam,

207 2181 297 2212 Vitae
321 2180 382 2212 rite
407 2187 590 2219 conqueror,
932 2177 1027 2216 Cujus
1053 2178 1126 2209 volo
1149 2177 1293 2217 gratiam,

206 2228 287 2260 Nam
312 2227 396 2267 quod
422 2226 522 2264 decet,
549 2232 662 2264 operor
930 2224 1026 2262 cujus
1051 2233 1109 2263 per
1132 2223 1295 2255 infamiam

251 2274 362 2307 Verba
385 2273 451 2306 sale
476 2272 634 2313 conciliem,
883 2271 1090 2309 eomparatur
1113 2271 1226 2313 gratia,

206 2323 255 2355 Ne
279 2320 389 2352 favore
414 2320 543 2353 deseror
882 2317 1057 2349 Salomonis
1085 2317 1218 2356 gloriam

254 2367 318 2407 Spe
343 2368 394 2399 vel
416 2370 501 2399 metu
527 2365 702 2398 blandiens.
928 2363 1053 2396 Nollem
1077 2372 1135 2402 per
1158 2362 1321 2396 infamiam
