1653 2564
728 61 963 98 -5'7—

674 180 718 211 De
739 180 872 221 corpore
891 180 1015 212 Christi.

192 312 223 344 1.
249 311 328 342 Dies
354 314 403 344 est
423 313 568 346 laetitiae

296 358 334 391 111
361 360 453 392 domo
477 361 619 405 mentali,

247 405 330 437 Nam
355 406 486 439 advenit
509 408 606 440 hodie

296 452 337 485 Vi
362 455 587 486 sacramentali

249 500 343 533 Jesus
369 501 578 540 admirabilis,

247 546 386 579 Multum
413 547 612 581 delectabilis

297 593 334 626 In
359 595 565 638 humanitate,

249 641 307 679 Qui
334 644 383 673 est
406 642 577 674 ineffabilis

247 688 291 720 Et
314 687 559 721 inaestimabilis

293 735 333 767 In
359 735 538 770 divinitate.

188 803 220 833 2.
245 800 385 833 Mortem
409 801 471 834 Dei
494 801 579 835 filius

295 849 359 881 Pro
384 850 502 881 mundo
527 858 679 889 passurus

245 896 291 928 Et
316 906 335 928 a
359 899 449 928 terra
472 897 596 936 longius

294 943 333 975 In
359 943 463 975 coelos
488 944 600 988 iturus,

247 990 382 1023 Manere
406 991 547 1033 realiter,

222 1075 225 1078 ¹
247 1038 332 1070 Vere
356 1038 567 1076 corporaliter

293 1084 404 1117 Voluit
427 1084 460 1116 in
481 1084 584 1124 nobis,

245 1132 283 1164 In
309 1141 345 1164 se
368 1131 675 1164 transsubstantians

247 1180 364 1212 Panem
392 1182 425 1210 et
449 1188 504 1211 cor
527 1180 647 1211 satians

293 1228 332 1259 In
354 1227 473 1258 sanctis
499 1228 531 1257 et
553 1227 673 1266 probis.

188 1297 219 1328 3.
247 1293 396 1326 Gaudeat
421 1293 595 1324 catholicus

292 1341 330 1373 In
354 1341 415 1372 hac
438 1339 504 1372 fide
526 1349 612 1381 sana,

246 1389 418 1428 spernens,
445 1387 529 1428 quod
555 1386 734 1419 haereticus

294 1434 404 1467 Garrit
428 1435 529 1467 verba
553 1443 643 1473 vana,

244 1482 459 1523 Dedignando
486 1481 626 1525 credere,

246 1530 322 1563 Cum
348 1539 412 1562 non
436 1530 520 1562 valet
547 1537 671 1572 capere,

294 1577 384 1617 Quod
410 1576 491 1608 fides
517 1577 665 1620 ostendit,

244 1625 305 1665 Qui
328 1633 389 1656 nec
412 1624 505 1664 parvi
529 1622 653 1656 flosculi

246 1673 308 1705 Seu
333 1673 407 1705 vilis
432 1671 599 1704 vermiculi

291 1719 414 1752 Cuncta
438 1718 689 1759 comprehendit.

812 246 878 280 83.

873 318 905 349 4.
932 317 1011 360 Ave,
1040 316 1147 349 vivens
1171 315 1285 355 hostia,

978 363 1105 395 Veritas
1131 366 1163 395 et
1185 363 1261 407 vita,

929 410 967 443 In
993 420 1055 450 qua
1078 409 1235 442 sacrificia

978 457 1098 490 Cuncta
1123 460 1194 489 sunt
1222 455 1323 500 finita,

932 505 970 536 In
994 513 1055 544 quo
1080 512 1115 535 se
1135 513 1195 544 per
1218 505 1346 536 saecula

930 551 1040 590 Agnus
1065 551 1134 583 sine
1156 550 1281 583 macula

979 597 1078 630 Offert
1103 599 1187 637 patri
1211 597 1290 641 Deo,

930 644 1091 676 Mundans
1114 654 1171 677 suo
1195 645 1348 685 sangnine

931 691 1021 723 Pium
1049 700 1103 723 cor
1126 702 1147 724 a
1171 692 1309 736 crimine,

977 738 1068 778 Quod
1090 737 1163 771 fidit
1185 739 1219 770 in
1245 748 1292 773 eo.

896 829 903 835 .
929 803 1025 836 Mane
1050 812 1180 847 mecum,
1208 804 1351 847 Domine,

977 851 1024 884 Ut
1046 852 1099 891 pie
1123 851 1247 894 venisti,

930 897 980 929 Ne
1005 899 1073 930 sine
1097 898 1268 930 munimine

977 945 1043 977 Sim
1066 945 1101 976 in
1124 946 1208 977 valle
1229 946 1332 985 tristig

931 992 1006 1023 Sine
1030 995 1062 1022 te
1086 992 1259 1024 subsistere

930 1038 1060 1078 Nequeo
1085 1046 1142 1070 seu
1165 1039 1273 1071 vivere

976 1085 1013 1118 In
1039 1084 1106 1117 vita
1128 1085 1266 1124 mortali,

928 1131 1032 1164 Multo
1048 1132 1151 1164 minus
1177 1134 1321 1173 gratiam,

928 1178 1079 1211 Meritum
1106 1180 1155 1212 vel
1179 1180 1322 1219 gloriam,

977 1227 1076 1265 Quam
1096 1236 1159 1258 non
1183 1226 1303 1258 habent
1326 1227 1411 1259 mali.

896 1318 903 1326 .
929 1292 989 1330 Qui
1014 1294 1153 1333 gustant,
1184 1293 1327 1325 esuriunt

975 1339 1013 1371 In
1036 1340 1144 1379 palato
1169 1341 1293 1379 mentis,

929 1386 983 1428 Et,
1010 1387 1064 1427 qui
1088 1386 1210 1430 bibunt,
1238 1387 1358 1425 sitiunt,

977 1434 1052 1466 Sine
1081 1435 1268 1466 velamentis

927 1482 1049 1520 Aperte
1073 1484 1105 1512 te
1132 1490 1270 1524 cernere,

927 1529 1099 1569 Amplecti,
1127 1529 1351 1569 constringere,

976 1577 1014 1609 In
1040 1584 1101 1616 quo
1125 1577 1211 1608 salus
1235 1579 1312 1609 tota,

928 1623 1066 1662 Quorum
1090 1632 1249 1663 nunquam
1273 1624 1366 1655 aliter

930 1672 1068 1704 Possunt
1090 1671 1290 1711 integraliter

975 1718 1158 1758 Adimpleri
1182 1721 1265 1752 vota.

587 1787 618 1820 7.
641 1783 754 1829 Aufer,
781 1784 859 1817 Jesu
882 1784 1028 1827 Domine,

689 1833 800 1865 Pestes
823 1832 989 1865 universas

644 1880 794 1920 Corporis
820 1883 850 1912 et
876 1880 1000 1912 animae

688 1927 797 1967 Atque
818 1936 870 1959 res
893 1927 1056 1965 adversm,

641 1972 810 2006 Defunctis
824 1974 982 2006 fidelibus

642 2021 763 2053 Locum
791 2020 824 2052 in
852 2021 1040 2053 coelestibus

690 2068 784 2100 Dona
809 2076 879 2100 cum
902 2068 1015 2107 beatis,

641 2116 680 2148 In
705 2115 823 2148 sanctis
847 2115 996 2156 operibus

640 2162 691 2195 Da
715 2171 826 2203 pacem
850 2162 1030 2195 hominibus

689 2210 798 2243 Bonae
822 2210 1004 2243 voluntatis.

261 2298 330 2327 Cod.
359 2298 480 2326 Trecen.
507 2294 557 2331 (01.
579 2293 802 2329 claraevallen.)
829 2293 910 2323 1612.
937 2303 1013 2324 saec.
1041 2293 1085 2323 15.
1111 2312 1149 2316 —
1175 2295 1234 2323 Die
1257 2294 1311 2322 Hs.
1336 2296 1417 2331 giebt
1446 2297 1495 2326 die

182 2338 361 2367 Aufschrift:
389 2335 525 2372 Hymnus
545 2335 609 2363 sive
630 2334 776 2361 canticum
796 2332 833 2360 de
852 2336 1034 2362 sacramento
1055 2333 1168 2362 altaris.
