1653 2566
134 966 152 997 5

136 1491 153 1523 1

667 94 924 129 —111—

158 212 164 219 .
192 187 271 220 Cum
294 188 355 219 Dei
378 187 502 222 bonitas
817 192 848 223 6.
876 190 937 222 Dci
959 189 1084 229 justitia

243 235 410 268 Formavit
433 237 603 278 hominem,
921 237 1008 269 Inter
1033 245 1090 268 nos
1112 237 1245 280 judicet,

189 283 359 322 Impressit
383 284 510 316 trinitas
875 285 963 325 Agar
988 284 1126 316 convitia

238 329 335 362 Suam
359 331 538 372 imaginem,
922 333 984 364 Pro
1010 330 1089 363 Sara
1114 332 1264 371 vindicet,

194 377 298 409 Tenet
322 377 401 410 haec
427 379 565 419 dignitas
874 379 919 411 Et
943 379 993 410 eui
1017 379 1158 419 nequitia

244 425 433 464 Supremum
458 427 630 468 cardinem,
921 426 1037 458 Ismael
1063 426 1220 466 displicet,

192 473 256 505 Sed
281 475 337 504 tua
361 474 502 512 pravitas
876 475 968 506 Isaac
992 472 1108 512 gaudia

239 520 402 552 Pervertit
425 521 579 553 ordinem.
922 521 1018 552 Risus
1042 520 1240 560 multiplicet.

159 601 166 608 .
195 575 252 608 Cui
278 576 387 608 rident
409 577 533 618 pocula,
819 579 850 610 7.
877 577 959 616 Quid
983 577 1015 607 in
1039 576 1159 615 Judieio

240 623 299 655 Cui
323 623 494 664 splendent
519 625 638 667 epulae,
921 624 1038 656 Dicere
1062 623 1192 663 poteris,

190 670 357 710 SindoneS‚
382 671 522 712 specula,
878 672 956 704 Cum
980 669 1036 702 fiet
1059 670 1211 712 quaestio,

240 718 397 757 Purpura,
424 718 621 758 gemmulae?
926 718 985 757 Qui
1010 725 1060 748 me
1085 714 1334 756 contempseris?

193 764 251 796 Cui
275 773 371 803 paras
395 765 530 805 singula,
877 766 926 798 De
947 768 1000 797 tuo
1024 764 1102 797 vitio

238 811 322 843 Mihi
348 811 399 843 vel
423 811 562 844 famulae
570 812 585 844 ‘r
925 811 1085 852 Quidquid
1107 809 1321 851 responderis,

192 859 361 891 Recumbit
386 858 514 899 famula,
875 860 1011 891 Deseret
1034 860 1127 901 ratio,

241 906 387 938 Servitur
413 907 565 940 aemulae.
925 907 1023 946 Quam
1047 906 1141 938 modo
1171 904 1300 937 deseris.

158 990 165 996 .
190 963 319 995 Ancilla
343 964 494 1006 pascitur,
817 966 847 997 8.
875 963 929 995 Ad
953 963 999 994 tui
1023 968 1147 1002 respice

240 1012 337 1049 Inops
363 1011 476 1054 esurio,
924 1009 1050 1049 Sceptri
1074 1009 1255 1048 dominium,

193 1058 275 1089 Potu
298 1056 451 1098 reficitur,
876 1058 955 1090 Tam
983 1064 1109 1088 carnem
1134 1056 1255 1095 suince

239 1105 344 1137 Arida
367 1104 451 1144 sitio,
922 1104 1021 1143 Quam
1047 1104 1150 1136 carnis
1176 1103 1298 1142 vitium,

194 1154 342 1192 Purpura
363 1152 490 1195 tegitur,
878 1153 908 1183 A
929 1152 1015 1191 justo
1037 1151 1147 1190 judice

238 1199 335 1231 Nuda
361 1199 484 1239 deficio,
922 1199 1001 1231 Exit
1021 1198 1186 1238 judicium,

194 1247 280 1280 Ordo
305 1247 509 1287 pervertitur,
876 1246 1036 1278 Ancillam
1063 1247 1143 1286 ejice

241 1293 332 1326 Perit
354 1294 503 1327 conditio.
924 1293 969 1325 Et
994 1293 1061 1332 ejus
1086 1293 1199 1325 filium.

213 1359 283 1386 Cod.
305 1359 469 1388 Londinen.
489 1359 621 1395 Egerton
641 1356 698 1386 274
722 1367 797 1386 saec.
819 1356 862 1386 13.
882 1373 919 1377 -—
939 1358 1041 1385 Vcffas
1064 1368 1091 1386 er
1102 1358 1257 1393 Philippus
1277 1356 1313 1383 de
1327 1355 1442 1383 Graxa.

743 1433 839 1463 164.

159 1518 166 1524 .
191 1490 312 1530 Tetigit
335 1499 387 1522 me
411 1491 578 1532 Dominus,
822 1493 852 1524 3.
880 1493 957 1532 Ure,
984 1491 1068 1531 quod
1094 1495 1142 1524 est
1162 1491 1305 1530 lividum,

239 1538 386 1577 Tangere
411 1539 464 1579 qui
489 1538 590 1579 novit,
878 1538 967 1582 Seea,
995 1541 1079 1578 quod
1105 1542 1154 1571 est
1177 1538 1353 1570 morbidum

192 1584 286 1617 Foris
311 1589 445 1625 tangens
470 1586 615 1626 protinus
924 1585 1128 1619 Infundendo
1154 1586 1259 1625 thura,

244 1632 357 1664 Totum
383 1642 434 1665 me
458 1633 645 1674 commovit3
877 1633 969 1674 Dele,
994 1635 1079 1673 quod
1105 1637 1154 1666 est
1183 1632 1346 1672 foetidum,

192 1680 255 1712 Est
274 1689 348 1711 nam
373 1682 476 1714 tactus
501 1681 631 1713 Domini
877 1680 976 1721 Lava,
1003 1682 1087 1721 quod
1113 1684 1161 1713 est
1185 1681 1348 1713 sordidum

242 1728 361 1759 Tactus
385 1729 525 1771 pietatis,
923 1729 1096 1762 Maternali
1122 1738 1207 1769 eura,

193 1775 254 1814 Qui
279 1776 335 1807 dat
358 1776 487 1815 plenam
510 1776 632 1808 homini
878 1776 979 1817 Sicca,
1005 1779 1089 1817 quod
1114 1781 1163 1809 est
1185 1775 1328 1815 fluidum,

242 1822 366 1855 Limam
391 1833 450 1865 pro
475 1824 626 1864 peccatis,
876 1824 977 1865 Tolle,
1002 1826 1084 1864 quod
1112 1828 1161 1856 est
1184 1824 1348 1856 horridum

924 1872 1039 1904 Totum
1065 1882 1134 1904 cum
1160 1880 1316 1903 mensura.

160 1952 167 1959 .
194 1928 315 1969 Tange,
340 1927 471 1967 pietatis
496 1931 597 1972 pater,
817 1931 850 1961 4.
877 1928 953 1961 Sum
978 1929 1103 1970 debilis,

194 1975 304 2015 Tange
327 1983 379 2005 me
403 1978 435 2007 et
458 1978 509 2007 ter
534 1978 566 2007 et
590 1978 712 2015 quater,
878 1975 954 2007 Sum
977 1974 1105 2016 flebilis,

243 2021 342 2054 Modo
367 2021 411 2054 sis
436 2023 614 2062 propitius3
925 2023 983 2055 Pie
1006 2023 1141 2064 intuere,

192 2070 303 2110 Tange
329 2079 466 2109 earnem,
491 2073 587 2110 tange
611 2078 692 2109 ossa,
878 2069 953 2102 Sum
979 2068 1112 2113 fragilis,

195 2118 283 2149 Pone
306 2126 367 2157 me,
393 2118 422 2149 si
447 2117 505 2159 vis,
529 2117 563 2149 in
588 2116 684 2159 fossa,
879 2118 954 2150 Sum
977 2117 1093 2162 labilis,

241 2165 379 2197 Tantum
403 2165 447 2197 sis
471 2165 649 2205 propitius;
927 2165 1022 2198 Certe
1043 2165 1090 2197 sie
1115 2170 1163 2198 cst
1188 2174 1270 2206 vere,

192 2214 260 2246 Fae
284 2216 320 2244 ut
343 2211 409 2255 fila,
436 2221 517 2253 quae
541 2215 616 2245 sunt
638 2221 758 2254 grossa,
877 2212 952 2244 Sum
976 2213 1116 2256 gracilis,

185 2261 230 2294 Et
255 2269 336 2302 quae
360 2261 436 2302 alta,
463 2259 516 2293 fae
540 2260 597 2292 sub
621 2258 718 2299 fossa,
875 2259 951 2292 Sum
974 2260 1092 2305 fictilis,

237 2309 365 2342 Durent
388 2309 442 2341 hic
465 2307 662 2349 perbrevius
922 2308 1008 2349 Ergo
1033 2310 1194 2342 miserere.

211 2375 280 2403 Cod.
301 2376 434 2403 Patavin.
454 2374 503 2411 (ol.
525 2373 554 2401 S.
575 2372 722 2408 Justinae)
744 2371 825 2401 1328.
859 2382 933 2401 saec.
955 2372 1029 2402 14l15.
