1653 2566
687 108 949 144 2153—-

198 203 249 234 2a.
277 201 346 234 Nec
369 204 533 244 potentum
561 205 659 237 didici

327 251 419 283 Vitiis
443 252 649 294 applaudere,

327 298 397 330 Nec
423 296 564 331 favorem
589 308 740 340 quaerere

282 345 387 377 Corde
411 345 543 385 loquens
570 347 705 387 duplici,

281 392 426 425 Veritate
450 394 586 433 simplici

329 439 461 478 Semper
485 441 533 472 uti
558 441 652 484 soleo,

326 486 414 519 Dare
444 486 561 519 famam
588 488 678 520 doleo

285 532 436 574 Cuiquam
462 537 592 573 praeter
616 536 729 567 merita

280 580 349 612 Nec
373 581 534 621 impinguo
561 583 668 621 capita

327 629 508 660 Peccatoris
535 629 615 662 oleo.

198 685 249 717 3a.
275 684 371 728 Ergo,
403 684 485 715 sicut,
510 686 657 726 consulis,

326 731 479 772 Expedit,
505 734 541 763 ut
562 734 686 764 taceam

328 779 545 811 Blandiensve
568 780 713 819 placeam

277 826 430 859 Mollibus
454 827 606 859 auriculis

327 873 528 913 Potentium3

280 920 398 961 Quibus
422 929 474 952 me
497 921 546 953 vis
571 921 617 952 sic
638 922 776 961 placere,

281 968 420 1000 Adulari
447 968 499 1000 vel
523 971 641 1010 tacere,

329 1015 418 1047 Nihil
443 1015 535 1054 ponis
556 1016 705 1056 medium,

280 1062 404 1105 Sicque,
432 1063 522 1102 quasi
546 1061 681 1105 faveam,

276 1110 411 1142 Alienae
443 1109 573 1141 subeam

327 1157 447 1198 Culpae
471 1157 687 1197 participium.

195 1215 248 1247 4a.
274 1214 364 1246 Vade
388 1217 485 1257 retro,
512 1214 639 1253 Satana,

325 1262 412 1294 Tuas
437 1262 515 1293 tolle
539 1260 675 1304 fabulas,

327 1308 488 1348 Quidquid
511 1309 593 1340 enim
620 1309 775 1349 consulas,

278 1356 445 1389 Falsitatis
470 1365 598 1396 organa,

326 1404 428 1435 Voces
460 1403 658 1435 adulantium

371 1451 520 1483 Devoveo

371 1497 561 1537 Nulliusque
584 1496 676 1529 foveo

325 1544 527 1577 Blandiendo
552 1545 674 1586 vitium,

279 1593 342 1625 Sed
367 1592 515 1633 palponis
540 1601 654 1624 nomen
680 1593 758 1636 cavi,

280 1640 376 1680 Cujus
402 1648 529 1679 semper
555 1640 713 1672 declinavi

326 1687 465 1720 Fraudis
490 1686 668 1720 artificium.

884 206 936 241 2b.
964 207 1050 247 Ergo
1075 202 1186 245 procul
1210 203 1344 245 exsules,

1012 253 1045 286 Si
1070 252 1196 283 mentiri
1221 251 1358 291 dubitas,

1009 300 1151 339 Simplex
1176 299 1258 330 enim
1282 299 1401 337 veritas

961 348 1082 380 Multos
1108 345 1185 378 facit
1210 347 1352 386 exsules;

966 394 1041 427 Cole
1064 395 1188 426 nostros
1212 394 1374 433 praesules

1009 441 1161 474 Mollibus
1185 441 1351 472 blanditiis

1009 489 1078 520 Nec
1101 488 1256 519 insultans
1280 488 1366 520 vitiis

962 536 1076 568 Verbis
1100 535 1157 567 lios
1183 543 1361 577 exasperes,

962 584 1084 616 Horum
1112 582 1139 613 si
1165 583 1326 614 desideres

1008 629 1088 662 Frui
1111 628 1277 662 benificiis.

881 687 934 721 3b.
962 686 1081 728 Culpae
1104 686 1274 725 participio

1008 734 1058 766 Ne
1081 731 1234 765 formides
1258 733 1368 773 pollui,

1010 781 1044 813 Si
1067 782 1231 821 potentum
1254 778 1377 819 perfrui

962 829 1019 861 Vis
1044 827 1162 867 favore,
1188 827 1265 860 vitio

1009 874 1204 914 Participes3

965 922 1113 954 Gaudent
1134 930 1153 952 a
1178 922 1342 960 conjuncto
1367 922 1436 961 pari

964 969 1042 1001 Suos
1067 968 1128 999 sibi
1154 967 1344 1000 conformari

1009 1017 1047 1049 In
1078 1014 1166 1047 Giezi
1190 1015 1374 1055 participes,

961 1064 999 1095 In
1024 1062 1187 1102 promissis
1211 1062 1341 1094 Prothei

959 1110 1005 1142 Et.
1028 1117 1177 1149 sequaces
1203 1109 1322 1149 Orphei

1009 1156 1215 1189 Sacerdotum
1242 1157 1415 1197 principes.

880 1214 935 1246 41).
960 1214 1047 1254 Ergo
1073 1213 1160 1245 vivas
1184 1214 1328 1246 modicus

1008 1261 1054 1293 Et.
1078 1263 1242 1292 contentus
1266 1262 1400 1301 modico,

1008 1308 1064 1340 Nil
1089 1310 1138 1339 est
1161 1317 1239 1347 opus
1266 1308 1400 1351 Cynico,

963 1355 998 1387 Si
1022 1356 1070 1388 vis
1096 1364 1165 1386 esse
1188 1355 1325 1395 cynicus,

1009 1403 1107 1435 Dicas
1132 1402 1203 1434 vale
1228 1403 1323 1434 curiis

1054 1449 1098 1483 Et
1121 1449 1217 1482 abeas

1054 1496 1099 1529 Et
1121 1505 1181 1528 nec
1204 1500 1237 1528 te
1261 1497 1307 1528 sic
1331 1497 1458 1540 habea&

1011 1545 1058 1577 Ut
1081 1544 1257 1584 applaudas
1281 1545 1385 1585 vitiis;

967 1592 1044 1625 Cum
1069 1600 1220 1632 perverso
1244 1593 1449 1636 perverteris,

965 1640 1000 1673 Si
1023 1641 1187 1680 potentum
1212 1642 1320 1680 gratus
1346 1641 1470 1680 quaeris

1010 1687 1092 1719 Esse
1117 1687 1340 1719 contuberniis.

249 1753 332 1781 Cant.
352 1762 405 1781 ms.
425 1753 507 1780 Petri
527 1753 564 1781 de
581 1753 705 1781 Medicis
728 1761 803 1781 saec.
825 1751 869 1782 13.
910 1753 979 1781 Cod.
999 1753 1189 1780 Lam-entiam.
1208 1752 1254 1780 Pl.
1277 1751 1322 1780 29
1345 1752 1369 1780 1.
1390 1753 1424 1780 A.

174 1790 268 1819 Carm.
288 1792 409 1819 Bur-ana
434 1789 469 1819 65
498 1800 561 1828 sqq.
581 1791 615 1819 B.
642 1806 679 1809 —
709 1789 756 1826 la,

786 1790 802 1819 9
823 1792 901 1820 Vere
924 1799 1073 1828 nunquam
1093 1798 1177 1818 carus
1198 1791 1231 1818 B.
1252 1807 1289 1810 —
1311 1790 1360 1825 16,
1386 1789 1403 1819 3
1424 1792 1482 1819 His

171 1831 254 1866 prius
273 1829 312 1863 A,
340 1830 370 1857 id
398 1830 526 1864 primum
546 1830 579 1856 Β.
602 1844 640 1847 -
660 1827 712 1863 31),
734 1828 751 1857 5
770 1830 928 1858 Potentum
949 1831 1040 1858 13.—
1059 1827 1105 1863 3b,
1127 1826 1144 1855 6
1165 1828 1300 1856 Gaudent
1319 1838 1338 1857 a
1354 1812 1382 1857 ’fo
1376 1830 1430 1858 1111)
1451 1831 1481 1863 I',

171 1869 309 1895 convictu
335 1868 401 1904 pari
423 1868 455 1894 B.
481 1882 519 1886 -
544 1865 597 1901 31),
625 1867 641 1894 7
664 1868 763 1895 Debes
789 1867 845 1896 tibi
870 1868 1045 1896 conformari
1065 1867 1097 1896 B.
1118 1882 1156 1886 —
1175 1864 1271 1902 31),8
1290 1868 1326 1895 In
1345 1868 1419 1895 fehlt
1440 1868 1481 1904 A-‚

171 1905 255 1933 Giezi
272 1906 446 1941 zweisilbig,
467 1905 533 1933 Jezi
553 1906 644 1933 13.-
663 1904 711 1940 41),
732 1903 750 1933 3
771 1906 866 1934 Simul
886 1915 958 1934 esse.

174 2089 205 2121 1.
233 2087 349 2120 Omnes
373 2085 521 2129 audiatis,

232 2135 343 2168 Clerus
370 2142 440 2166 cum
464 2133 629 2173 praelatis,

231 2183 370 2215 Multum
394 2180 537 2223 doleatis,

230 2230 326 2271 Legis
350 2230 385 2262 in
409 2228 568 2260 mandatis

231 2279 353 2311 Metam
381 2276 556 2319 decimatis,

279 2326 367 2366 Quae
389 2324 513 2364 majora
535 2325 618 2363 sunt,

231 2375 365 2407 Minime
389 2372 535 2405 servatis.

778 2016 876 2048 220.

859 2088 892 2118 2.
916 2086 1073 2126 Allegatis
1098 2086 1154 2125 ita,

917 2133 1007 2172 Quod
1032 2142 1182 2172 vagorum
1207 2133 1273 2166 vita

915 2180 989 2212 Non
1013 2181 1056 2212 sit
1078 2181 1131 2212 via
1153 2182 1241 2224 trita,

917 2229 994 2261 Plus
1019 2230 1124 2261 vestra
1147 2229 1253 2268 sopita

916 2277 1009 2310 Jacet
1033 2279 1066 2308 et
1089 2276 1208 2315 attrita,

964 2324 1077 2357 Pravis
1101 2323 1241 2356 moribus

916 2371 1020 2404 Nimis
1043 2372 1177 2405 irretita.
