1653 2566
800 678 897 708 238.

701 741 745 772 De
766 742 856 773 olavo
879 741 1004 773 Christi.

193 810 223 844 1.
251 809 357 842 Clavis
381 810 470 842 clavo
495 810 686 851 retunditur,
877 813 909 846 2.
937 811 1042 844 Clavis
1066 809 1165 851 figens
1190 813 1360 844 tentorium

248 856 331 888 Dum
357 860 560 897 peccatorum
584 858 707 890 meritis
936 858 1124 891 Gallicanae
1146 859 1289 899 militiae,

251 903 369 936 Christi
395 905 502 937 clavus
526 905 710 946 remittitur,
934 906 1011 938 Tam
1038 906 1154 946 regalis
1180 907 1332 939 ecclesiae

248 951 411 983 Amissum
432 952 554 985 frustra
577 953 728 992 quaeritis
934 953 1033 992 Quam
1060 953 1150 993 regni
1173 952 1302 986 firmans
1327 953 1448 997 solium,

251 997 328 1030 Cum
351 999 533 1039 planctibus
555 999 742 1043 hypocritis,
934 1000 1066 1041 Mystici
1096 1001 1202 1032 damni
1226 1002 1332 1041 specie

250 1045 285 1077 Si
309 1055 368 1085 pro
395 1048 560 1087 culparum
586 1046 704 1079 debitis
939 1047 1072 1088 Signans
1096 1048 1213 1089 prioris
1238 1049 1367 1090 gloriae,

251 1092 355 1133 Mens,
384 1094 474 1134 quasi
500 1094 599 1126 clavis
623 1094 737 1135 visitis,
936 1095 1057 1127 Prioris
1084 1095 1292 1127 excellentiae

252 1139 372 1172 Dolore
395 1150 459 1173 non
485 1142 712 1182 compungitur.
937 1142 1183 1175 Dissolvendum
1208 1142 1378 1183 fastigium.

584 1199 616 1230 3.
643 1197 726 1236 Quid
752 1200 810 1237 est,
833 1197 916 1237 quod
942 1198 996 1230 diu
1020 1198 1115 1230 latuit

637 1244 684 1276 Et
706 1245 834 1276 laticem
858 1245 1004 1277 exhibuit

641 1291 785 1324 Christus
816 1291 868 1323 die
891 1292 1103 1331 parasceves?

642 1338 695 1370 Sic
717 1339 752 1371 in
777 1339 838 1379 die,
865 1348 927 1378 qua
952 1340 1061 1384 doluit,

639 1385 686 1417 Te
716 1386 886 1418 condolere
910 1387 1042 1427 monuit,

639 1433 798 1465 Amissum
828 1433 902 1465 dum
927 1434 1076 1470 restituit,

643 1479 767 1513 Gaudio
790 1478 899 1512 fletum
923 1481 1058 1522 miscuit,

636 1527 684 1560 Ut
709 1528 756 1560 sic
781 1527 922 1560 dolorem
947 1529 1080 1561 releves.

269 1591 351 1619 Cant.
377 1600 431 1619 ms.
451 1592 533 1620 Petri
560 1591 596 1619 de
615 1592 739 1620 Medicis
766 1601 841 1621 saec.
870 1590 913 1620 13.
954 1593 1024 1621 Cod.
1052 1594 1243 1621 Laurentian.
1263 1594 1308 1621 Pl.
1333 1591 1378 1621 29.
1406 1590 1432 1620 1.
1462 1608 1499 1613 —

190 1630 313 1658 Bezieht
332 1630 395 1657 sich
415 1630 468 1658 auf
484 1630 540 1658 (len
559 1630 680 1658 Verlust
698 1630 748 1659 des
771 1630 812 1659 111.
832 1631 942 1666 Nagels
962 1640 1021 1659 von
1041 1631 1243 1660 Saint-Denis
1265 1629 1346 1660 1233.

797 1725 893 1755 2:39.

682 1789 829 1822 Planctus
850 1789 1016 1822 samsonis.

192 1860 222 1894 1.
251 1858 393 1899 Samson,
421 1860 484 1892 dux
509 1859 691 1901 fortissime,
873 1862 906 1895 2.
932 1860 1074 1905 Samson,
1103 1860 1167 1892 dux
1190 1860 1356 1903 mirabilis,

249 1906 360 1939 Victor
383 1907 612 1948 potentissime,
930 1908 1029 1941 Modo
1054 1907 1255 1948 miserabilis,

294 1954 378 1994 Quid
402 1953 482 1986 facis
506 1955 541 1986 in
566 1963 703 1995 carcere,
979 1956 1061 1995 Quid
1084 1953 1164 1987 facis
1188 1955 1222 1986 in
1247 1957 1361 1996 angulo

344 2002 369 2035 O
395 2002 498 2035 victor
522 2000 682 2033 omnium?
1027 2002 1136 2035 Taetri
1166 2002 1327 2034 carceris?

294 2049 370 2089 Quis
394 2052 428 2081 te
452 2048 554 2090 quivit
577 2050 706 2081 vincere
979 2050 1026 2081 Te
1053 2049 1143 2082 dedit
1167 2050 1325 2089 ergastulo

343 2097 404 2130 Vel
428 2106 488 2137 per
509 2095 688 2129 somnium?
1027 2098 1130 2130 Fraus
1152 2097 1311 2137 mulieris;

249 2144 360 2177 Victus
386 2153 431 2185 es,
457 2154 475 2177 o
501 2143 605 2177 victor
931 2144 1062 2177 Avulsis
1086 2144 1185 2176 oculis

293 2192 442 2233 hostium,
979 2200 1090 2224 caecus
1116 2199 1159 2232 es,

246 2239 366 2280 Captus
392 2249 435 2283 es,
461 2249 480 2273 ο
508 2241 619 2279 captor
931 2238 1004 2271 Jam
1027 2239 1127 2272 tonsis
1151 2238 1290 2272 crinibus

293 2288 441 2328 omnium,
979 2286 1095 2320 Calvus
1125 2295 1169 2328 es,

292 2336 319 2369 O
343 2337 448 2369 victor
470 2334 619 2377 omnium,
978 2334 1043 2368 Sed
1067 2334 1096 2366 si
1118 2335 1326 2376 recreverint,

341 2384 460 2425 Captus
487 2393 532 2418 eS.
1026 2382 1139 2416 Salvus
1165 2391 1209 2418 es.
