<?xml version="1.0" encoding="UTF-8"?>
<!DOCTYPE html PUBLIC "-//W3C//DTD XHTML 1.0 Transitional//EN"
    "http://www.w3.org/TR/xhtml1/DTD/xhtml1-transitional.dtd">
<html xmlns="http://www.w3.org/1999/xhtml" xml:lang="en" lang="en">
 <head>
  <title>
</title>
<meta http-equiv="Content-Type" content="text/html;charset=utf-8" />
  <meta name='ocr-system' content='tesseract 3.04.00' />
  <meta name='ocr-capabilities' content='ocr_page ocr_carea ocr_par ocr_line ocrx_word'/>
</head>
<body>
  <div class='ocr_page' id='page_1' title='image "./analectahymnica21drevuoft_00135.png"; bbox 0 0 1653 2564; ppageno 0'>
   <div class='ocr_carea' id='block_1_1' title="bbox 767 128 1024 163">
    <p class='ocr_par' dir='ltr' id='par_1_1' title="bbox 767 128 1024 163">
     <span class='ocr_line' id='line_1_1' title="bbox 767 128 1024 163; baseline -0.004 0"><span class='ocrx_word' id='word_1_1' title='bbox 767 128 1024 163; x_wconf 78' lang='lat'>—134—</span> 
     </span>
    </p>
   </div>
   <div class='ocr_carea' id='block_1_2' title="bbox 645 219 1144 768">
    <p class='ocr_par' dir='ltr' id='par_1_2' title="bbox 645 219 1144 768">
     <span class='ocr_line' id='line_1_2' title="bbox 645 219 1062 253; baseline -0.007 0"><span class='ocrx_word' id='word_1_2' title='bbox 645 222 676 253; x_wconf 86' lang='lat'>5.</span> <span class='ocrx_word' id='word_1_3' title='bbox 701 221 807 252; x_wconf 78' lang='lat' dir='ltr'>Mutet</span> <span class='ocrx_word' id='word_1_4' title='bbox 830 229 898 252; x_wconf 86' lang='lat' dir='ltr'>cum</span> <span class='ocrx_word' id='word_1_5' title='bbox 924 219 1062 251; x_wconf 82' lang='lat' dir='ltr'>Protheo</span> 
     </span>
     <span class='ocr_line' id='line_1_3' title="bbox 744 266 1043 307; baseline -0.013 -8"><span class='ocrx_word' id='word_1_6' title='bbox 744 267 897 307; x_wconf 83' lang='lat' dir='ltr'><strong>Figuram</strong></span> <span class='ocrx_word' id='word_1_7' title='bbox 918 266 1043 303; x_wconf 80' lang='lat' dir='ltr'>levitas,</span> 
     </span>
     <span class='ocr_line' id='line_1_4' title="bbox 699 313 938 345; baseline -0.013 0"><span class='ocrx_word' id='word_1_8' title='bbox 699 314 841 345; x_wconf 84' lang='lat' dir='ltr'><strong>Assumit</strong></span> <span class='ocrx_word' id='word_1_9' title='bbox 864 313 938 345; x_wconf 84' lang='lat' dir='ltr'>ideo</span> 
     </span>
     <span class='ocr_line' id='line_1_5' title="bbox 746 358 1080 397; baseline -0.003 -6"><span class='ocrx_word' id='word_1_10' title='bbox 746 360 879 391; x_wconf 81' lang='lat' dir='ltr'><strong>Formas</strong></span> <span class='ocrx_word' id='word_1_11' title='bbox 902 358 1080 397; x_wconf 71' lang='lat' dir='ltr'>integritaS,</span> 
     </span>
     <span class='ocr_line' id='line_1_6' title="bbox 699 405 1032 438; baseline -0.009 0"><span class='ocrx_word' id='word_1_12' title='bbox 699 407 828 438; x_wconf 77' lang='lat' dir='ltr'>Vultum</span> <span class='ocrx_word' id='word_1_13' title='bbox 855 405 1032 438; x_wconf 72' lang='lat' dir='ltr'>constantia</span> 
     </span>
     <span class='ocr_line' id='line_1_7' title="bbox 748 451 1127 490; baseline -0.011 -5"><span class='ocrx_word' id='word_1_14' title='bbox 748 453 945 486; x_wconf 77' lang='lat' dir='ltr'>conservans</span> <span class='ocrx_word' id='word_1_15' title='bbox 970 451 1127 490; x_wconf 77' lang='lat' dir='ltr'>intimum,</span> 
     </span>
     <span class='ocr_line' id='line_1_8' title="bbox 702 499 991 540; baseline -0.01 -8"><span class='ocrx_word' id='word_1_16' title='bbox 702 500 808 540; x_wconf 90' lang='lat' dir='ltr'>Alpha</span> <span class='ocrx_word' id='word_1_17' title='bbox 832 499 991 540; x_wconf 80' lang='lat' dir='ltr'>principia</span> 
     </span>
     <span class='ocr_line' id='line_1_9' title="bbox 745 546 1077 586; baseline -0.015 -6"><span class='ocrx_word' id='word_1_18' title='bbox 745 547 789 580; x_wconf 80' lang='lat' dir='ltr'>Et</span> <span class='ocrx_word' id='word_1_19' title='bbox 813 548 838 580; x_wconf 91' lang='lat' dir='ltr'>O</span> <span class='ocrx_word' id='word_1_20' title='bbox 863 546 1077 586; x_wconf 84' lang='lat' dir='ltr'>novissimum,</span> 
     </span>
     <span class='ocr_line' id='line_1_10' title="bbox 698 593 1038 627; baseline -0.006 -1"><span class='ocrx_word' id='word_1_21' title='bbox 698 594 847 626; x_wconf 80' lang='lat' dir='ltr'>Flectens</span> <span class='ocrx_word' id='word_1_22' title='bbox 871 594 909 627; x_wconf 75' lang='lat' dir='ltr'>fit</span> <span class='ocrx_word' id='word_1_23' title='bbox 931 593 1038 625; x_wconf 80' lang='lat' dir='ltr'>media</span> 
     </span>
     <span class='ocr_line' id='line_1_11' title="bbox 745 639 1144 680; baseline -0.01 -7"><span class='ocrx_word' id='word_1_24' title='bbox 745 641 834 673; x_wconf 82' lang='lat' dir='ltr'>Dans</span> <span class='ocrx_word' id='word_1_25' title='bbox 864 640 956 673; x_wconf 83' lang='lat' dir='ltr'>finem</span> <span class='ocrx_word' id='word_1_26' title='bbox 981 639 1144 680; x_wconf 80' lang='lat' dir='ltr'>optimum,</span> 
     </span>
     <span class='ocr_line' id='line_1_12' title="bbox 697 687 1004 720; baseline -0.007 0"><span class='ocrx_word' id='word_1_27' title='bbox 697 688 826 720; x_wconf 80' lang='lat' dir='ltr'>Mutans</span> <span class='ocrx_word' id='word_1_28' title='bbox 855 689 889 719; x_wconf 89' lang='lat' dir='ltr'>in</span> <span class='ocrx_word' id='word_1_29' title='bbox 914 687 1004 719; x_wconf 82' lang='lat' dir='ltr'>varia</span> 
     </span>
     <span class='ocr_line' id='line_1_13' title="bbox 749 734 1105 768; baseline -0.003 0"><span class='ocrx_word' id='word_1_30' title='bbox 749 735 877 768; x_wconf 84' lang='lat' dir='ltr'>Goelum</span> <span class='ocrx_word' id='word_1_31' title='bbox 903 737 935 766; x_wconf 75' lang='lat' dir='ltr'>et</span> <span class='ocrx_word' id='word_1_32' title='bbox 958 734 1105 767; x_wconf 88' lang='lat' dir='ltr'>animum.</span> 
     </span>
    </p>
   </div>
   <div class='ocr_carea' id='block_1_3' title="bbox 245 796 1550 1176">
    <p class='ocr_par' dir='ltr' id='par_1_3' title="bbox 245 796 1550 1176">
     <span class='ocr_line' id='line_1_14' title="bbox 326 796 1550 830; baseline -0.006 -1"><span class='ocrx_word' id='word_1_33' title='bbox 326 802 394 829; x_wconf 83' lang='lat' dir='ltr'>Ood.</span> <span class='ocrx_word' id='word_1_34' title='bbox 418 802 557 830; x_wconf 60' lang='lat' dir='ltr'>oxonien.</span> <span class='ocrx_word' id='word_1_35' title='bbox 576 801 747 828; x_wconf 84' lang='lat' dir='ltr'>Rawlinson</span> <span class='ocrx_word' id='word_1_36' title='bbox 776 800 806 828; x_wconf 79' lang='grc' dir='ltr'>Ο.</span> <span class='ocrx_word' id='word_1_37' title='bbox 832 799 896 828; x_wconf 64' lang='grc' dir='ltr'>εἱ10.</span> <span class='ocrx_word' id='word_1_38' title='bbox 927 807 1002 826; x_wconf 77' lang='lat' dir='ltr'>saec.</span> <span class='ocrx_word' id='word_1_39' title='bbox 1032 797 1076 827; x_wconf 80' lang='lat'>13.</span> <span class='ocrx_word' id='word_1_40' title='bbox 1105 797 1142 825; x_wconf 93' lang='lat' dir='ltr'>A.</span> <span class='ocrx_word' id='word_1_41' title='bbox 1173 813 1207 816; x_wconf 97' lang='lat'><strong>—</strong></span> <span class='ocrx_word' id='word_1_42' title='bbox 1239 798 1321 825; x_wconf 84' lang='lat' dir='ltr'>Cant.</span> <span class='ocrx_word' id='word_1_43' title='bbox 1343 805 1394 824; x_wconf 85' lang='lat' dir='ltr'>ms.</span> <span class='ocrx_word' id='word_1_44' title='bbox 1415 796 1495 823; x_wconf 78' lang='lat' dir='ltr'>Petri</span> <span class='ocrx_word' id='word_1_45' title='bbox 1516 796 1550 823; x_wconf 80' lang='lat' dir='ltr'>‹le</span> 
     </span>
     <span class='ocr_line' id='line_1_15' title="bbox 249 834 1550 869; baseline -0.005 -2"><span class='ocrx_word' id='word_1_46' title='bbox 249 841 370 868; x_wconf 13' lang='lat' dir='ltr'>Mtwdicis</span> <span class='ocrx_word' id='word_1_47' title='bbox 395 847 468 867; x_wconf 81' lang='lat' dir='ltr'>saec.</span> <span class='ocrx_word' id='word_1_48' title='bbox 498 837 540 866; x_wconf 84' lang='lat'>13.</span> <span class='ocrx_word' id='word_1_49' title='bbox 582 839 651 866; x_wconf 85' lang='lat' dir='ltr'>Cod.</span> <span class='ocrx_word' id='word_1_50' title='bbox 677 839 867 866; x_wconf 79' lang='lat' dir='ltr'>Laurentian.</span> <span class='ocrx_word' id='word_1_51' title='bbox 895 837 939 865; x_wconf 90' lang='lat' dir='ltr'>Pl.</span> <span class='ocrx_word' id='word_1_52' title='bbox 965 835 1010 864; x_wconf 83' lang='grc'>29.</span> <span class='ocrx_word' id='word_1_53' title='bbox 1039 835 1063 864; x_wconf 88' lang='grc'>1.</span> <span class='ocrx_word' id='word_1_54' title='bbox 1085 837 1117 864; x_wconf 90' lang='lat' dir='ltr'>B.</span> <span class='ocrx_word' id='word_1_55' title='bbox 1141 850 1179 854; x_wconf 92' lang='lat'>—</span> <span class='ocrx_word' id='word_1_56' title='bbox 1205 835 1274 863; x_wconf 80' lang='lat' dir='ltr'>Cod.</span> <span class='ocrx_word' id='word_1_57' title='bbox 1296 834 1550 869; x_wconf 73' lang='lat' dir='ltr'>Guelfenbyteran.</span> 
     </span>
     <span class='ocr_line' id='line_1_16' title="bbox 249 871 1550 910; baseline -0.005 -5"><span class='ocrx_word' id='word_1_58' title='bbox 249 878 460 905; x_wconf 69' lang='lat' dir='ltr'>Hclmstadien.</span> <span class='ocrx_word' id='word_1_59' title='bbox 482 874 545 904; x_wconf 80' lang='lat'>628.</span> <span class='ocrx_word' id='word_1_60' title='bbox 571 884 645 903; x_wconf 75' lang='lat' dir='ltr'>saec.</span> <span class='ocrx_word' id='word_1_61' title='bbox 677 874 720 904; x_wconf 89' lang='lat'>13.</span> <span class='ocrx_word' id='word_1_62' title='bbox 742 875 772 903; x_wconf 90' lang='lat' dir='ltr'>C.</span> <span class='ocrx_word' id='word_1_63' title='bbox 793 892 831 896; x_wconf 91' lang='lat'><strong>—</strong></span> <span class='ocrx_word' id='word_1_64' title='bbox 852 876 874 903; x_wconf 88' lang='lat' dir='ltr'>C</span> <span class='ocrx_word' id='word_1_65' title='bbox 893 875 1009 910; x_wconf 80' lang='lat' dir='ltr'>(daraus</span> <span class='ocrx_word' id='word_1_66' title='bbox 1028 874 1192 902; x_wconf 79' lang='lat' dir='ltr'>Milchsack</span> <span class='ocrx_word' id='word_1_67' title='bbox 1211 871 1266 901; x_wconf 82' lang='lat'>223</span> <span class='ocrx_word' id='word_1_68' title='bbox 1286 872 1340 909; x_wconf 84' lang='lat' dir='ltr'>sq.)</span> <span class='ocrx_word' id='word_1_69' title='bbox 1358 872 1411 899; x_wconf 73' lang='lat' dir='ltr'>hat</span> <span class='ocrx_word' id='word_1_70' title='bbox 1428 881 1485 899; x_wconf 84' lang='lat' dir='ltr'>nur</span> <span class='ocrx_word' id='word_1_71' title='bbox 1504 872 1550 899; x_wconf 83' lang='lat' dir='ltr'>die</span> 
     </span>
     <span class='ocr_line' id='line_1_17' title="bbox 249 907 1550 950; baseline -0.005 -8"><span class='ocrx_word' id='word_1_72' title='bbox 249 916 311 943; x_wconf 69' lang='lat' dir='ltr'>&lt;li-ui</span> <span class='ocrx_word' id='word_1_73' title='bbox 338 918 434 943; x_wconf 79' lang='lat' dir='ltr'>ersten</span> <span class='ocrx_word' id='word_1_74' title='bbox 452 914 609 950; x_wconf 72' lang='lat' dir='ltr'>Strophon3</span> <span class='ocrx_word' id='word_1_75' title='bbox 636 914 684 941; x_wconf 76' lang='lat' dir='ltr'>die</span> <span class='ocrx_word' id='word_1_76' title='bbox 702 914 864 941; x_wconf 80' lang='lat' dir='ltr'>Aufsehrifl:</span> <span class='ocrx_word' id='word_1_77' title='bbox 887 913 970 949; x_wconf 75' lang='lat' dir='ltr'>giebt</span> <span class='ocrx_word' id='word_1_78' title='bbox 987 913 1022 940; x_wconf 88' lang='lat' dir='ltr'>A.</span> <span class='ocrx_word' id='word_1_79' title='bbox 1049 929 1087 932; x_wconf 77' lang='lat'>-—</span> <span class='ocrx_word' id='word_1_80' title='bbox 1110 912 1176 947; x_wconf 81' lang='lat' dir='ltr'>Vgl.</span> <span class='ocrx_word' id='word_1_81' title='bbox 1204 911 1278 938; x_wconf 76' lang='lat' dir='ltr'>auch</span> <span class='ocrx_word' id='word_1_82' title='bbox 1300 912 1394 938; x_wconf 78' lang='lat' dir='ltr'>Garm.</span> <span class='ocrx_word' id='word_1_83' title='bbox 1415 910 1483 936; x_wconf 78' lang='lat' dir='ltr'>Bur.</span> <span class='ocrx_word' id='word_1_84' title='bbox 1504 907 1550 936; x_wconf 84' lang='lat'>46.</span> 
     </span>
     <span class='ocr_line' id='line_1_18' title="bbox 249 947 1549 987; baseline -0.005 -7"><span class='ocrx_word' id='word_1_85' title='bbox 249 954 286 981; x_wconf 91' lang='lat' dir='ltr'>D.</span> <span class='ocrx_word' id='word_1_86' title='bbox 310 969 347 973; x_wconf 91' lang='lat'>—</span> <span class='ocrx_word' id='word_1_87' title='bbox 374 952 404 987; x_wconf 89' lang='lat'>1,</span> <span class='ocrx_word' id='word_1_88' title='bbox 430 951 448 980; x_wconf 88' lang='lat'><strong>3</strong></span> <span class='ocrx_word' id='word_1_89' title='bbox 472 952 519 979; x_wconf 85' lang='lat' dir='ltr'>his</span> <span class='ocrx_word' id='word_1_90' title='bbox 546 953 685 987; x_wconf 76' lang='lat' dir='ltr'>optimum</span> <span class='ocrx_word' id='word_1_91' title='bbox 707 952 742 978; x_wconf 91' lang='lat' dir='ltr'>D.</span> <span class='ocrx_word' id='word_1_92' title='bbox 763 966 800 970; x_wconf 90' lang='lat'>—</span> <span class='ocrx_word' id='word_1_93' title='bbox 822 950 851 985; x_wconf 90' lang='grc'>1,</span> <span class='ocrx_word' id='word_1_94' title='bbox 877 950 894 979; x_wconf 87' lang='grc'>5</span> <span class='ocrx_word' id='word_1_95' title='bbox 914 951 1040 978; x_wconf 73' lang='lat' dir='ltr'>Praebet</span> <span class='ocrx_word' id='word_1_96' title='bbox 1064 959 1129 977; x_wconf 79' lang='lat' dir='ltr'>oum</span> <span class='ocrx_word' id='word_1_97' title='bbox 1148 950 1184 976; x_wconf 94' lang='lat' dir='ltr'>D.</span> <span class='ocrx_word' id='word_1_98' title='bbox 1211 964 1247 968; x_wconf 97' lang='lat'>—</span> <span class='ocrx_word' id='word_1_99' title='bbox 1271 947 1301 984; x_wconf 86' lang='lat'>1,</span> <span class='ocrx_word' id='word_1_100' title='bbox 1326 947 1343 976; x_wconf 89' lang='lat'><strong>6</strong></span> <span class='ocrx_word' id='word_1_101' title='bbox 1362 948 1492 975; x_wconf 75' lang='lat' dir='ltr'>Tandem</span> <span class='ocrx_word' id='word_1_102' title='bbox 1514 948 1549 980; x_wconf 91' lang='lat' dir='ltr'>D,</span> 
     </span>
     <span class='ocr_line' id='line_1_19' title="bbox 245 983 1550 1025; baseline -0.005 -8"><span class='ocrx_word' id='word_1_103' title='bbox 245 991 357 1025; x_wconf 82' lang='lat' dir='ltr'>judicio</span> <span class='ocrx_word' id='word_1_104' title='bbox 379 991 401 1018; x_wconf 84' lang='lat' dir='ltr'>O</span> <span class='ocrx_word' id='word_1_105' title='bbox 421 991 458 1018; x_wconf 91' lang='lat' dir='ltr'>D.</span> <span class='ocrx_word' id='word_1_106' title='bbox 487 1004 522 1008; x_wconf 96' lang='lat'>——</span> <span class='ocrx_word' id='word_1_107' title='bbox 549 988 579 1023; x_wconf 89' lang='lat'>1,</span> <span class='ocrx_word' id='word_1_108' title='bbox 606 989 623 1016; x_wconf 85' lang='lat'><strong>7</strong></span> <span class='ocrx_word' id='word_1_109' title='bbox 642 990 719 1017; x_wconf 83' lang='lat' dir='ltr'>Nam</span> <span class='ocrx_word' id='word_1_110' title='bbox 744 991 788 1016; x_wconf 84' lang='lat' dir='ltr'>sio</span> <span class='ocrx_word' id='word_1_111' title='bbox 806 990 842 1017; x_wconf 88' lang='lat' dir='ltr'>D.</span> <span class='ocrx_word' id='word_1_112' title='bbox 872 1003 909 1008; x_wconf 90' lang='lat'>—-</span> <span class='ocrx_word' id='word_1_113' title='bbox 937 986 967 1022; x_wconf 88' lang='lat'>1,</span> <span class='ocrx_word' id='word_1_114' title='bbox 994 986 1011 1015; x_wconf 89' lang='grc'>9</span> <span class='ocrx_word' id='word_1_115' title='bbox 1031 988 1098 1015; x_wconf 80' lang='lat' dir='ltr'>Jam</span> <span class='ocrx_word' id='word_1_116' title='bbox 1120 987 1215 1014; x_wconf 76' lang='lat' dir='ltr'>scelus</span> <span class='ocrx_word' id='word_1_117' title='bbox 1237 988 1274 1014; x_wconf 92' lang='lat' dir='ltr'>D.</span> <span class='ocrx_word' id='word_1_118' title='bbox 1295 1001 1331 1006; x_wconf 91' lang='lat'>—</span> <span class='ocrx_word' id='word_1_119' title='bbox 1351 983 1382 1020; x_wconf 83' lang='lat'>3,</span> <span class='ocrx_word' id='word_1_120' title='bbox 1411 985 1426 1012; x_wconf 88' lang='lat'>1</span> <span class='ocrx_word' id='word_1_121' title='bbox 1448 985 1550 1020; x_wconf 76' lang='lat' dir='ltr'>Coepti</span> 
     </span>
     <span class='ocr_line' id='line_1_20' title="bbox 249 1020 1550 1062; baseline -0.005 -7"><span class='ocrx_word' id='word_1_122' title='bbox 249 1029 401 1056; x_wconf 80' lang='lat' dir='ltr'>dimidium</span> <span class='ocrx_word' id='word_1_123' title='bbox 420 1029 456 1055; x_wconf 94' lang='lat' dir='ltr'>D.</span> <span class='ocrx_word' id='word_1_124' title='bbox 480 1042 512 1046; x_wconf 88' lang='lat'>—</span> <span class='ocrx_word' id='word_1_125' title='bbox 535 1025 565 1062; x_wconf 83' lang='lat'>3,</span> <span class='ocrx_word' id='word_1_126' title='bbox 595 1025 612 1054; x_wconf 89' lang='grc'>5</span> <span class='ocrx_word' id='word_1_127' title='bbox 631 1027 692 1054; x_wconf 83' lang='lat' dir='ltr'>Nee</span> <span class='ocrx_word' id='word_1_128' title='bbox 714 1030 828 1055; x_wconf 83' lang='lat' dir='ltr'>‘tantum</span> <span class='ocrx_word' id='word_1_129' title='bbox 848 1027 885 1054; x_wconf 88' lang='grc' dir='ltr'>Ι).</span> <span class='ocrx_word' id='word_1_130' title='bbox 905 1041 942 1045; x_wconf 83' lang='grc'>-</span> <span class='ocrx_word' id='word_1_131' title='bbox 962 1023 995 1059; x_wconf 81' lang='lat'>3,</span> <span class='ocrx_word' id='word_1_132' title='bbox 1020 1025 1037 1052; x_wconf 82' lang='lat'>7</span> <span class='ocrx_word' id='word_1_133' title='bbox 1058 1025 1171 1053; x_wconf 77' lang='lat' dir='ltr'>Nedum</span> <span class='ocrx_word' id='word_1_134' title='bbox 1197 1025 1343 1052; x_wconf 75' lang='lat' dir='ltr'>sollicitus</span> <span class='ocrx_word' id='word_1_135' title='bbox 1365 1023 1399 1050; x_wconf 88' lang='lat' dir='ltr'>A.</span> <span class='ocrx_word' id='word_1_136' title='bbox 1421 1037 1457 1042; x_wconf 90' lang='lat'>——</span> <span class='ocrx_word' id='word_1_137' title='bbox 1477 1021 1510 1056; x_wconf 90' lang='lat'>4,</span> <span class='ocrx_word' id='word_1_138' title='bbox 1532 1020 1550 1050; x_wconf 83' lang='grc'><strong>3</strong></span> 
     </span>
     <span class='ocr_line' id='line_1_21' title="bbox 250 1061 1549 1098; baseline -0.005 -4"><span class='ocrx_word' id='word_1_139' title='bbox 250 1067 310 1094; x_wconf 76' lang='lat' dir='ltr'>Dat</span> <span class='ocrx_word' id='word_1_140' title='bbox 333 1066 382 1093; x_wconf 85' lang='lat' dir='ltr'>hic</span> <span class='ocrx_word' id='word_1_141' title='bbox 402 1066 437 1092; x_wconf 93' lang='lat' dir='ltr'>D.</span> <span class='ocrx_word' id='word_1_142' title='bbox 465 1079 501 1083; x_wconf 91' lang='grc'>--</span> <span class='ocrx_word' id='word_1_143' title='bbox 521 1063 555 1098; x_wconf 83' lang='grc'>4,</span> <span class='ocrx_word' id='word_1_144' title='bbox 579 1063 598 1092; x_wconf 95' lang='lat'>4</span> <span class='ocrx_word' id='word_1_145' title='bbox 616 1065 725 1092; x_wconf 75' lang='lat' dir='ltr'>Metam</span> <span class='ocrx_word' id='word_1_146' title='bbox 752 1065 783 1091; x_wconf 77' lang='lat' dir='ltr'>id</span> <span class='ocrx_word' id='word_1_147' title='bbox 802 1066 843 1098; x_wconf 83' lang='lat' dir='ltr'>A,</span> <span class='ocrx_word' id='word_1_148' title='bbox 869 1066 977 1091; x_wconf 73' lang='lat' dir='ltr'>metam</span> <span class='ocrx_word' id='word_1_149' title='bbox 996 1065 1028 1090; x_wconf 87' lang='lat' dir='ltr'>in</span> <span class='ocrx_word' id='word_1_150' title='bbox 1047 1064 1083 1090; x_wconf 91' lang='lat' dir='ltr'>D.</span> <span class='ocrx_word' id='word_1_151' title='bbox 1104 1077 1141 1081; x_wconf 89' lang='lat'>—</span> <span class='ocrx_word' id='word_1_152' title='bbox 1160 1061 1192 1098; x_wconf 88' lang='lat'>4,</span> <span class='ocrx_word' id='word_1_153' title='bbox 1220 1061 1237 1089; x_wconf 86' lang='lat'>5</span> <span class='ocrx_word' id='word_1_154' title='bbox 1257 1062 1339 1089; x_wconf 79' lang='lat' dir='ltr'>Istud</span> <span class='ocrx_word' id='word_1_155' title='bbox 1360 1061 1437 1096; x_wconf 78' lang='lat' dir='ltr'>quod</span> <span class='ocrx_word' id='word_1_156' title='bbox 1456 1061 1492 1088; x_wconf 88' lang='lat' dir='ltr'>D.</span> <span class='ocrx_word' id='word_1_157' title='bbox 1513 1076 1549 1080; x_wconf 88' lang='lat'>--</span> 
     </span>
     <span class='ocr_line' id='line_1_22' title="bbox 249 1099 1550 1137; baseline -0.01 0"><span class='ocrx_word' id='word_1_158' title='bbox 249 1103 276 1137; x_wconf 77' lang='lat'>47</span> <span class='ocrx_word' id='word_1_159' title='bbox 298 1102 314 1131; x_wconf 90' lang='grc'>9</span> <span class='ocrx_word' id='word_1_160' title='bbox 337 1105 414 1131; x_wconf 90' lang='lat' dir='ltr'>Dum</span> <span class='ocrx_word' id='word_1_161' title='bbox 436 1103 557 1130; x_wconf 84' lang='lat' dir='ltr'>formam</span> <span class='ocrx_word' id='word_1_162' title='bbox 576 1103 613 1129; x_wconf 93' lang='lat' dir='ltr'>D.</span> <span class='ocrx_word' id='word_1_163' title='bbox 635 1117 671 1121; x_wconf 90' lang='lat'>—</span> <span class='ocrx_word' id='word_1_164' title='bbox 689 1101 721 1136; x_wconf 72' lang='grc' dir='ltr'>ὁ,</span> <span class='ocrx_word' id='word_1_165' title='bbox 742 1102 761 1130; x_wconf 89' lang='lat'>4</span> <span class='ocrx_word' id='word_1_166' title='bbox 783 1103 903 1130; x_wconf 82' lang='lat' dir='ltr'><strong>Formas</strong></span> <span class='ocrx_word' id='word_1_167' title='bbox 923 1103 969 1129; x_wconf 78' lang='lat' dir='ltr'>sui</span> <span class='ocrx_word' id='word_1_168' title='bbox 990 1102 1121 1136; x_wconf 74' lang='lat' dir='ltr'>cognitas</span> <span class='ocrx_word' id='word_1_169' title='bbox 1142 1101 1178 1128; x_wconf 93' lang='lat' dir='ltr'>D.</span> <span class='ocrx_word' id='word_1_170' title='bbox 1200 1115 1236 1119; x_wconf 97' lang='lat'>—</span> <span class='ocrx_word' id='word_1_171' title='bbox 1257 1100 1283 1133; x_wconf 91' lang='lat'>5,</span> <span class='ocrx_word' id='word_1_172' title='bbox 1305 1099 1322 1127; x_wconf 88' lang='grc'><strong>5</strong></span> <span class='ocrx_word' id='word_1_173' title='bbox 1342 1099 1435 1126; x_wconf 74' lang='lat' dir='ltr'>Vultu</span> <span class='ocrx_word' id='word_1_174' title='bbox 1454 1099 1490 1125; x_wconf 90' lang='lat' dir='ltr'>D.</span> <span class='ocrx_word' id='word_1_175' title='bbox 1513 1114 1550 1118; x_wconf 90' lang='lat'>——</span> 
     </span>
     <span class='ocr_line' id='line_1_23' title="bbox 250 1140 574 1176; baseline -0.009 -7"><span class='ocrx_word' id='word_1_176' title='bbox 250 1153 276 1176; x_wconf 76' lang='grc' dir='ltr'>υ,</span> <span class='ocrx_word' id='word_1_177' title='bbox 301 1140 335 1169; x_wconf 88' lang='grc'>10</span> <span class='ocrx_word' id='word_1_178' title='bbox 354 1142 414 1169; x_wconf 78' lang='lat' dir='ltr'>Dat</span> <span class='ocrx_word' id='word_1_179' title='bbox 433 1140 518 1167; x_wconf 84' lang='lat' dir='ltr'>finem</span> <span class='ocrx_word' id='word_1_180' title='bbox 537 1141 574 1167; x_wconf 92' lang='lat' dir='ltr'>D.</span> 
     </span>
    </p>
   </div>
   <div class='ocr_carea' id='block_1_4' title="bbox 723 1251 1080 1347">
    <p class='ocr_par' dir='ltr' id='par_1_4' title="bbox 723 1251 1080 1347">
     <span class='ocr_line' id='line_1_24' title="bbox 857 1251 954 1281; baseline -0.031 0"><span class='ocrx_word' id='word_1_181' title='bbox 857 1251 954 1281; x_wconf 73' lang='lat'>192.</span> 
     </span>
     <span class='ocr_line' id='line_1_25' title="bbox 723 1314 1080 1347; baseline -0.008 0"><span class='ocrx_word' id='word_1_182' title='bbox 723 1317 767 1347; x_wconf 81' lang='lat' dir='ltr'>Do</span> <span class='ocrx_word' id='word_1_183' title='bbox 789 1316 880 1347; x_wconf 84' lang='lat' dir='ltr'>vitiis</span> <span class='ocrx_word' id='word_1_184' title='bbox 901 1314 1080 1346; x_wconf 80' lang='lat' dir='ltr'>eurialium.</span> 
     </span>
    </p>
   </div>
   <div class='ocr_carea' id='block_1_5' title="bbox 931 1384 1421 1518">
    <p class='ocr_par' dir='ltr' id='par_1_5' title="bbox 931 1384 1421 1518">
     <span class='ocr_line' id='line_1_26' title="bbox 931 1384 1399 1417; baseline -0.004 0"><span class='ocrx_word' id='word_1_185' title='bbox 931 1386 962 1417; x_wconf 86' lang='lat'>3.</span> <span class='ocrx_word' id='word_1_186' title='bbox 989 1384 1130 1416; x_wconf 74' lang='lat' dir='ltr'>sublime</span> <span class='ocrx_word' id='word_1_187' title='bbox 1153 1387 1263 1415; x_wconf 66' lang='lat' dir='ltr'><strong>tenent,</strong></span> <span class='ocrx_word' id='word_1_188' title='bbox 1286 1385 1399 1416; x_wconf 88' lang='lat' dir='ltr'>solium</span> 
     </span>
     <span class='ocr_line' id='line_1_27' title="bbox 988 1431 1348 1471; baseline -0.003 -8"><span class='ocrx_word' id='word_1_189' title='bbox 988 1432 1114 1471; x_wconf 90' lang='lat' dir='ltr'>Diplois</span> <span class='ocrx_word' id='word_1_190' title='bbox 1140 1431 1348 1471; x_wconf 83' lang='lat' dir='ltr'>adulant-ium,</span> 
     </span>
     <span class='ocr_line' id='line_1_28' title="bbox 989 1478 1421 1518; baseline -0.007 -9"><span class='ocrx_word' id='word_1_191' title='bbox 989 1479 1080 1518; x_wconf 82' lang='lat' dir='ltr'>Jugis</span> <span class='ocrx_word' id='word_1_192' title='bbox 1105 1479 1243 1510; x_wconf 80' lang='lat' dir='ltr'>scissura</span> <span class='ocrx_word' id='word_1_193' title='bbox 1268 1478 1421 1516; x_wconf 80' lang='lat' dir='ltr'>cordium,</span> 
     </span>
    </p>
   </div>
   <div class='ocr_carea' id='block_1_6' title="bbox 255 1386 808 1522">
    <p class='ocr_par' dir='ltr' id='par_1_6' title="bbox 255 1386 808 1522">
     <span class='ocr_line' id='line_1_29' title="bbox 255 1386 725 1428; baseline -0.002 -10"><span class='ocrx_word' id='word_1_194' title='bbox 255 1386 285 1419; x_wconf 85' lang='lat'>1.</span> <span class='ocrx_word' id='word_1_195' title='bbox 311 1386 454 1418; x_wconf 83' lang='lat' dir='ltr'>Rimatus</span> <span class='ocrx_word' id='word_1_196' title='bbox 479 1394 585 1417; x_wconf 80' lang='lat' dir='ltr'>omnes</span> <span class='ocrx_word' id='word_1_197' title='bbox 611 1386 725 1428; x_wconf 81' lang='lat' dir='ltr'>curias,</span> 
     </span>
     <span class='ocr_line' id='line_1_30' title="bbox 312 1433 808 1473; baseline -0.002 -8"><span class='ocrx_word' id='word_1_198' title='bbox 312 1434 455 1473; x_wconf 82' lang='lat' dir='ltr'>Magnas,</span> <span class='ocrx_word' id='word_1_199' title='bbox 481 1441 597 1471; x_wconf 88' lang='lat' dir='ltr'>parvas</span> <span class='ocrx_word' id='word_1_200' title='bbox 623 1436 654 1463; x_wconf 79' lang='lat' dir='ltr'>et</span> <span class='ocrx_word' id='word_1_201' title='bbox 676 1433 808 1473; x_wconf 83' lang='lat' dir='ltr'>medias,</span> 
     </span>
     <span class='ocr_line' id='line_1_31' title="bbox 311 1479 666 1522; baseline 0 -11"><span class='ocrx_word' id='word_1_202' title='bbox 311 1479 527 1522; x_wconf 76' lang='lat' dir='ltr'>Episcopales‚</span> <span class='ocrx_word' id='word_1_203' title='bbox 554 1480 666 1519; x_wconf 82' lang='lat' dir='ltr'>regias,</span> 
     </span>
    </p>
   </div>
   <div class='ocr_carea' id='block_1_7' title="bbox 310 1526 784 1887">
    <p class='ocr_par' dir='ltr' id='par_1_7' title="bbox 310 1526 705 1605">
     <span class='ocr_line' id='line_1_32' title="bbox 314 1526 642 1558; baseline 0.003 -1"><span class='ocrx_word' id='word_1_204' title='bbox 314 1526 477 1558; x_wconf 83' lang='lat' dir='ltr'>Curiamm</span> <span class='ocrx_word' id='word_1_205' title='bbox 504 1526 642 1558; x_wconf 81' lang='lat' dir='ltr'>incurias</span> 
     </span>
     <span class='ocr_line' id='line_1_33' title="bbox 310 1573 705 1605; baseline 0 0"><span class='ocrx_word' id='word_1_206' title='bbox 310 1573 522 1605; x_wconf 75' lang='lat' dir='ltr'>Multiformes</span> <span class='ocrx_word' id='word_1_207' title='bbox 546 1576 577 1604; x_wconf 81' lang='lat' dir='ltr'>et</span> <span class='ocrx_word' id='word_1_208' title='bbox 601 1574 705 1605; x_wconf 77' lang='lat' dir='ltr'>varias</span> 
     </span>
    </p>

    <p class='ocr_par' dir='ltr' id='par_1_8' title="bbox 358 1620 568 1663">
     <span class='ocr_line' id='line_1_34' title="bbox 358 1620 568 1663; baseline 0 -12"><span class='ocrx_word' id='word_1_209' title='bbox 358 1621 442 1652; x_wconf 88' lang='lat' dir='ltr'>Dum</span> <span class='ocrx_word' id='word_1_210' title='bbox 466 1620 568 1663; x_wconf 81' lang='lat' dir='ltr'>video,</span> 
     </span>
    </p>

    <p class='ocr_par' dir='ltr' id='par_1_9' title="bbox 359 1668 493 1707">
     <span class='ocr_line' id='line_1_35' title="bbox 359 1668 493 1707; baseline -0.007 -8"><span class='ocrx_word' id='word_1_211' title='bbox 359 1668 493 1707; x_wconf 83' lang='lat' dir='ltr'>Irrideo,</span> 
     </span>
    </p>

    <p class='ocr_par' dir='ltr' id='par_1_10' title="bbox 360 1714 531 1754">
     <span class='ocr_line' id='line_1_36' title="bbox 360 1714 531 1754; baseline 0 -9"><span class='ocrx_word' id='word_1_212' title='bbox 360 1714 428 1745; x_wconf 83' lang='lat' dir='ltr'>Nec</span> <span class='ocrx_word' id='word_1_213' title='bbox 448 1714 531 1754; x_wconf 86' lang='lat' dir='ltr'>ideo,</span> 
     </span>
    </p>

    <p class='ocr_par' dir='ltr' id='par_1_11' title="bbox 357 1761 685 1802">
     <span class='ocr_line' id='line_1_37' title="bbox 357 1761 685 1802; baseline 0 -9"><span class='ocrx_word' id='word_1_214' title='bbox 357 1762 386 1793; x_wconf 94' lang='lat' dir='ltr'>A</span> <span class='ocrx_word' id='word_1_215' title='bbox 412 1761 506 1792; x_wconf 84' lang='lat' dir='ltr'>curiis</span> <span class='ocrx_word' id='word_1_216' title='bbox 530 1761 685 1802; x_wconf 82' lang='lat' dir='ltr'>abstineo,</span> 
     </span>
    </p>

    <p class='ocr_par' dir='ltr' id='par_1_12' title="bbox 311 1807 784 1887">
     <span class='ocr_line' id='line_1_38' title="bbox 361 1807 784 1847; baseline 0 -8"><span class='ocrx_word' id='word_1_217' title='bbox 361 1808 423 1840; x_wconf 81' lang='lat' dir='ltr'>Sed</span> <span class='ocrx_word' id='word_1_218' title='bbox 447 1807 533 1847; x_wconf 85' lang='lat' dir='ltr'>ipsas</span> <span class='ocrx_word' id='word_1_219' title='bbox 555 1816 680 1847; x_wconf 81' lang='lat' dir='ltr'>semper</span> <span class='ocrx_word' id='word_1_220' title='bbox 704 1808 784 1840; x_wconf 85' lang='lat' dir='ltr'>adeo</span> 
     </span>
     <span class='ocr_line' id='line_1_39' title="bbox 311 1855 727 1887; baseline 0.002 -1"><span class='ocrx_word' id='word_1_221' title='bbox 311 1855 456 1887; x_wconf 84' lang='lat' dir='ltr'>Rimatus</span> <span class='ocrx_word' id='word_1_222' title='bbox 480 1863 587 1886; x_wconf 86' lang='lat' dir='ltr'>omnes</span> <span class='ocrx_word' id='word_1_223' title='bbox 614 1856 727 1887; x_wconf 83' lang='lat' dir='ltr'>curias.</span> 
     </span>
    </p>
   </div>
   <div class='ocr_carea' id='block_1_8' title="bbox 280 1911 817 2274">
    <p class='ocr_par' dir='ltr' id='par_1_13' title="bbox 280 1911 817 2140">
     <span class='ocr_line' id='line_1_40' title="bbox 280 1911 694 1952; baseline 0.002 -10"><span class='ocrx_word' id='word_1_224' title='bbox 280 1936 286 1942; x_wconf 98' lang='lat'>.</span> <span class='ocrx_word' id='word_1_225' title='bbox 313 1913 350 1944; x_wconf 87' lang='lat' dir='ltr'>In</span> <span class='ocrx_word' id='word_1_226' title='bbox 376 1911 472 1943; x_wconf 86' lang='lat' dir='ltr'>curiis</span> <span class='ocrx_word' id='word_1_227' title='bbox 497 1911 694 1952; x_wconf 85' lang='lat' dir='ltr'>sublimibus,</span> 
     </span>
     <span class='ocr_line' id='line_1_41' title="bbox 313 1959 647 1999; baseline 0 -9"><span class='ocrx_word' id='word_1_228' title='bbox 313 1960 351 1991; x_wconf 89' lang='lat' dir='ltr'>In</span> <span class='ocrx_word' id='word_1_229' title='bbox 373 1960 452 1999; x_wconf 87' lang='lat' dir='ltr'>ipsis</span> <span class='ocrx_word' id='word_1_230' title='bbox 477 1959 647 1991; x_wconf 74' lang='lat' dir='ltr'>curialibus</span> 
     </span>
     <span class='ocr_line' id='line_1_42' title="bbox 314 2006 775 2046; baseline 0.002 -9"><span class='ocrx_word' id='word_1_231' title='bbox 314 2006 386 2038; x_wconf 87' lang='lat' dir='ltr'>Non</span> <span class='ocrx_word' id='word_1_232' title='bbox 412 2008 460 2039; x_wconf 76' lang='lat' dir='ltr'>est</span> <span class='ocrx_word' id='word_1_233' title='bbox 483 2006 570 2038; x_wconf 85' lang='lat' dir='ltr'>locus</span> <span class='ocrx_word' id='word_1_234' title='bbox 594 2006 775 2046; x_wconf 86' lang='lat' dir='ltr'>virtutibus,</span> 
     </span>
     <span class='ocr_line' id='line_1_43' title="bbox 312 2053 817 2094; baseline 0.002 -9"><span class='ocrx_word' id='word_1_235' title='bbox 312 2053 426 2085; x_wconf 72' lang='lat' dir='ltr'>Omnes</span> <span class='ocrx_word' id='word_1_236' title='bbox 449 2055 637 2094; x_wconf 65' lang='lat' dir='ltr'>putrescunt</span> <span class='ocrx_word' id='word_1_237' title='bbox 659 2054 817 2094; x_wconf 80' lang='lat' dir='ltr'>sordibus,</span> 
     </span>
     <span class='ocr_line' id='line_1_44' title="bbox 314 2100 717 2140; baseline 0 -8"><span class='ocrx_word' id='word_1_238' title='bbox 314 2100 426 2132; x_wconf 82' lang='lat' dir='ltr'>Pusilli</span> <span class='ocrx_word' id='word_1_239' title='bbox 452 2109 521 2131; x_wconf 88' lang='lat' dir='ltr'>cum</span> <span class='ocrx_word' id='word_1_240' title='bbox 545 2101 717 2140; x_wconf 83' lang='lat' dir='ltr'>majoribus</span> 
     </span>
    </p>

    <p class='ocr_par' dir='ltr' id='par_1_14' title="bbox 360 2147 526 2186">
     <span class='ocr_line' id='line_1_45' title="bbox 360 2147 526 2186; baseline -0.018 -6"><span class='ocrx_word' id='word_1_241' title='bbox 360 2148 398 2180; x_wconf 89' lang='lat' dir='ltr'>In</span> <span class='ocrx_word' id='word_1_242' title='bbox 422 2147 526 2186; x_wconf 82' lang='lat' dir='ltr'>curia3</span> 
     </span>
    </p>

    <p class='ocr_par' dir='ltr' id='par_1_15' title="bbox 359 2194 486 2226">
     <span class='ocr_line' id='line_1_46' title="bbox 359 2194 486 2226; baseline -0.008 0"><span class='ocrx_word' id='word_1_243' title='bbox 359 2194 486 2226; x_wconf 86' lang='lat' dir='ltr'>Malitia</span> 
     </span>
    </p>

    <p class='ocr_par' dir='ltr' id='par_1_16' title="bbox 360 2241 483 2274">
     <span class='ocr_line' id='line_1_47' title="bbox 360 2241 483 2274; baseline -0.016 0"><span class='ocrx_word' id='word_1_244' title='bbox 360 2241 483 2274; x_wconf 80' lang='lat' dir='ltr'>Palatia</span> 
     </span>
    </p>
   </div>
   <div class='ocr_carea' id='block_1_9' title="bbox 362 2287 839 2329">
    <p class='ocr_par' dir='ltr' id='par_1_17' title="bbox 362 2287 839 2329">
     <span class='ocr_line' id='line_1_48' title="bbox 362 2287 839 2329; baseline -0.004 -9"><span class='ocrx_word' id='word_1_245' title='bbox 362 2287 495 2320; x_wconf 73' lang='lat' dir='ltr'>obsidet</span> <span class='ocrx_word' id='word_1_246' title='bbox 516 2290 675 2326; x_wconf 81' lang='lat' dir='ltr'>‘tamquam</span> <span class='ocrx_word' id='word_1_247' title='bbox 698 2287 839 2329; x_wconf 81' lang='lat' dir='ltr'>propria,</span> 
     </span>
    </p>
   </div>
   <div class='ocr_carea' id='block_1_10' title="bbox 315 2334 757 2414">
    <p class='ocr_par' dir='ltr' id='par_1_18' title="bbox 315 2334 757 2414">
     <span class='ocr_line' id='line_1_49' title="bbox 361 2334 757 2374; baseline -0.008 -7"><span class='ocrx_word' id='word_1_248' title='bbox 361 2335 480 2367; x_wconf 83' lang='lat' dir='ltr'>Virtuti</span> <span class='ocrx_word' id='word_1_249' title='bbox 503 2336 655 2374; x_wconf 78' lang='lat' dir='ltr'>praesunt</span> <span class='ocrx_word' id='word_1_250' title='bbox 679 2334 757 2365; x_wconf 80' lang='lat' dir='ltr'>vitia</span> 
     </span>
     <span class='ocr_line' id='line_1_50' title="bbox 315 2381 692 2414; baseline 0.003 -1"><span class='ocrx_word' id='word_1_251' title='bbox 315 2382 353 2413; x_wconf 87' lang='lat' dir='ltr'>In</span> <span class='ocrx_word' id='word_1_252' title='bbox 379 2382 473 2412; x_wconf 81' lang='lat' dir='ltr'>curiis</span> <span class='ocrx_word' id='word_1_253' title='bbox 498 2381 692 2414; x_wconf 62' lang='lat' dir='ltr'>sublimibus</span> 
     </span>
    </p>
   </div>
   <div class='ocr_carea' id='block_1_11' title="bbox 987 1525 1483 1889">
    <p class='ocr_par' dir='ltr' id='par_1_19' title="bbox 987 1525 1483 1889">
     <span class='ocr_line' id='line_1_51' title="bbox 987 1525 1429 1564; baseline -0.005 -7"><span class='ocrx_word' id='word_1_254' title='bbox 987 1526 1124 1564; x_wconf 83' lang='lat' dir='ltr'>Rancor,</span> <span class='ocrx_word' id='word_1_255' title='bbox 1150 1526 1232 1557; x_wconf 88' lang='lat' dir='ltr'>livor</span> <span class='ocrx_word' id='word_1_256' title='bbox 1257 1528 1289 1557; x_wconf 76' lang='lat' dir='ltr'>et</span> <span class='ocrx_word' id='word_1_257' title='bbox 1312 1525 1429 1564; x_wconf 81' lang='lat' dir='ltr'>odium,</span> 
     </span>
     <span class='ocr_line' id='line_1_52' title="bbox 989 1572 1468 1616; baseline -0.004 -13"><span class='ocrx_word' id='word_1_258' title='bbox 989 1572 1079 1614; x_wconf 83' lang='lat' dir='ltr'>Spe-s,</span> <span class='ocrx_word' id='word_1_259' title='bbox 1104 1573 1164 1614; x_wconf 83' lang='lat' dir='ltr'>ira,</span> <span class='ocrx_word' id='word_1_260' title='bbox 1190 1573 1294 1616; x_wconf 80' lang='lat' dir='ltr'>timor,</span> <span class='ocrx_word' id='word_1_261' title='bbox 1321 1572 1468 1612; x_wconf 86' lang='lat' dir='ltr'>gaudium</span> 
     </span>
     <span class='ocr_line' id='line_1_53' title="bbox 1036 1619 1165 1651; baseline -0.008 0"><span class='ocrx_word' id='word_1_262' title='bbox 1036 1619 1081 1651; x_wconf 79' lang='lat' dir='ltr'>Et</span> <span class='ocrx_word' id='word_1_263' title='bbox 1102 1620 1165 1651; x_wconf 85' lang='lat' dir='ltr'>alia</span> 
     </span>
     <span class='ocr_line' id='line_1_54' title="bbox 1036 1666 1176 1706; baseline 0.007 -9"><span class='ocrx_word' id='word_1_264' title='bbox 1036 1666 1176 1706; x_wconf 77' lang='lat' dir='ltr'>Flagitia</span> 
     </span>
     <span class='ocr_line' id='line_1_55' title="bbox 1038 1713 1231 1746; baseline 0 -1"><span class='ocrx_word' id='word_1_265' title='bbox 1038 1713 1117 1745; x_wconf 91' lang='lat' dir='ltr'>Tam</span> <span class='ocrx_word' id='word_1_266' title='bbox 1141 1714 1231 1746; x_wconf 84' lang='lat' dir='ltr'>varia</span> 
     </span>
     <span class='ocr_line' id='line_1_56' title="bbox 1038 1761 1417 1801; baseline -0.003 -9"><span class='ocrx_word' id='word_1_267' title='bbox 1038 1761 1180 1801; x_wconf 83' lang='lat' dir='ltr'>Tamque</span> <span class='ocrx_word' id='word_1_268' title='bbox 1205 1761 1417 1799; x_wconf 72' lang='lat' dir='ltr'>detestabilia,</span> 
     </span>
     <span class='ocr_line' id='line_1_57' title="bbox 1038 1807 1483 1848; baseline 0 -9"><span class='ocrx_word' id='word_1_269' title='bbox 1038 1807 1082 1839; x_wconf 73' lang='lat' dir='ltr'>Et</span> <span class='ocrx_word' id='word_1_270' title='bbox 1105 1809 1132 1839; x_wconf 86' lang='lat' dir='ltr'>si</span> <span class='ocrx_word' id='word_1_271' title='bbox 1157 1817 1237 1848; x_wconf 82' lang='lat' dir='ltr'>quae</span> <span class='ocrx_word' id='word_1_272' title='bbox 1260 1811 1334 1840; x_wconf 81' lang='lat' dir='ltr'>sunt</span> <span class='ocrx_word' id='word_1_273' title='bbox 1358 1808 1483 1844; x_wconf 77' lang='lat' dir='ltr'>similia,</span> 
     </span>
     <span class='ocr_line' id='line_1_58' title="bbox 992 1855 1412 1889; baseline 0.005 -3"><span class='ocrx_word' id='word_1_274' title='bbox 992 1855 1132 1887; x_wconf 85' lang='lat' dir='ltr'>Sublime</span> <span class='ocrx_word' id='word_1_275' title='bbox 1155 1858 1266 1887; x_wconf 78' lang='lat' dir='ltr'>tenent</span> <span class='ocrx_word' id='word_1_276' title='bbox 1289 1856 1412 1889; x_wconf 89' lang='lat' dir='ltr'>solium.</span> 
     </span>
    </p>
   </div>
   <div class='ocr_carea' id='block_1_12' title="bbox 957 1912 1378 1945">
    <p class='ocr_par' dir='ltr' id='par_1_20' title="bbox 957 1912 1378 1945">
     <span class='ocr_line' id='line_1_59' title="bbox 957 1912 1378 1945; baseline -0.005 0"><span class='ocrx_word' id='word_1_277' title='bbox 957 1937 965 1945; x_wconf 89' lang='lat'><strong>.</strong></span> <span class='ocrx_word' id='word_1_278' title='bbox 991 1912 1084 1944; x_wconf 81' lang='lat' dir='ltr'>vitiis</span> <span class='ocrx_word' id='word_1_279' title='bbox 1112 1912 1229 1944; x_wconf 83' lang='lat' dir='ltr'>(ludum</span> <span class='ocrx_word' id='word_1_280' title='bbox 1253 1912 1378 1944; x_wconf 83' lang='lat' dir='ltr'>deditus</span> 
     </span>
    </p>
   </div>
   <div class='ocr_carea' id='block_1_13' title="bbox 990 1959 1475 2414">
    <p class='ocr_par' dir='ltr' id='par_1_21' title="bbox 990 1959 1475 2414">
     <span class='ocr_line' id='line_1_60' title="bbox 990 1959 1360 1999; baseline 0.003 -9"><span class='ocrx_word' id='word_1_281' title='bbox 990 1959 1035 1991; x_wconf 76' lang='lat' dir='ltr'>Et</span> <span class='ocrx_word' id='word_1_282' title='bbox 1059 1959 1153 1991; x_wconf 82' lang='lat' dir='ltr'>curiis</span> <span class='ocrx_word' id='word_1_283' title='bbox 1178 1960 1360 1999; x_wconf 76' lang='lat' dir='ltr'>implicitus,</span> 
     </span>
     <span class='ocr_line' id='line_1_61' title="bbox 991 2007 1388 2039; baseline -0.003 -1"><span class='ocrx_word' id='word_1_284' title='bbox 991 2007 1075 2038; x_wconf 90' lang='lat' dir='ltr'>Dum</span> <span class='ocrx_word' id='word_1_285' title='bbox 1101 2007 1258 2038; x_wconf 86' lang='lat' dir='ltr'>curiarum</span> <span class='ocrx_word' id='word_1_286' title='bbox 1282 2007 1388 2039; x_wconf 80' lang='lat' dir='ltr'>aditus</span> 
     </span>
     <span class='ocr_line' id='line_1_62' title="bbox 990 2053 1452 2094; baseline -0.004 -9"><span class='ocrx_word' id='word_1_287' title='bbox 990 2054 1176 2094; x_wconf 75' lang='lat' dir='ltr'>Earumque</span> <span class='ocrx_word' id='word_1_288' title='bbox 1200 2063 1313 2094; x_wconf 78' lang='lat' dir='ltr'>graves</span> <span class='ocrx_word' id='word_1_289' title='bbox 1337 2053 1452 2092; x_wconf 68' lang='lat' dir='ltr'>exitus,</span> 
     </span>
     <span class='ocr_line' id='line_1_63' title="bbox 992 2100 1475 2141; baseline -0.006 -8"><span class='ocrx_word' id='word_1_290' title='bbox 992 2101 1037 2133; x_wconf 74' lang='lat' dir='ltr'>Et</span> <span class='ocrx_word' id='word_1_291' title='bbox 1061 2101 1146 2141; x_wconf 87' lang='lat' dir='ltr'>quod</span> <span class='ocrx_word' id='word_1_292' title='bbox 1172 2110 1262 2132; x_wconf 87' lang='lat' dir='ltr'>casus</span> <span class='ocrx_word' id='word_1_293' title='bbox 1287 2102 1329 2133; x_wconf 80' lang='lat' dir='ltr'>sit</span> <span class='ocrx_word' id='word_1_294' title='bbox 1352 2100 1475 2132; x_wconf 65' lang='lat' dir='ltr'>subitus</span> 
     </span>
     <span class='ocr_line' id='line_1_64' title="bbox 1040 2148 1236 2190; baseline 0.005 -11"><span class='ocrx_word' id='word_1_295' title='bbox 1040 2148 1090 2179; x_wconf 82' lang='lat' dir='ltr'>De</span> <span class='ocrx_word' id='word_1_296' title='bbox 1121 2148 1236 2190; x_wconf 84' lang='lat' dir='ltr'>medio,</span> 
     </span>
     <span class='ocr_line' id='line_1_65' title="bbox 1041 2194 1201 2235; baseline 0.006 -9"><span class='ocrx_word' id='word_1_297' title='bbox 1041 2194 1201 2235; x_wconf 77' lang='lat' dir='ltr'>concipio,</span> 
     </span>
     <span class='ocr_line' id='line_1_66' title="bbox 1039 2240 1172 2284; baseline 0 -12"><span class='ocrx_word' id='word_1_298' title='bbox 1039 2240 1172 2284; x_wconf 76' lang='lat' dir='ltr'>Defieio,</span> 
     </span>
     <span class='ocr_line' id='line_1_67' title="bbox 1041 2289 1422 2328; baseline 0 -9"><span class='ocrx_word' id='word_1_299' title='bbox 1041 2289 1173 2327; x_wconf 81' lang='lat' dir='ltr'>Cognito</span> <span class='ocrx_word' id='word_1_300' title='bbox 1198 2297 1321 2328; x_wconf 86' lang='lat' dir='ltr'>quoque</span> <span class='ocrx_word' id='word_1_301' title='bbox 1345 2289 1422 2321; x_wconf 83' lang='lat' dir='ltr'>vitio</span> 
     </span>
     <span class='ocr_line' id='line_1_68' title="bbox 1040 2335 1382 2374; baseline 0 -8"><span class='ocrx_word' id='word_1_302' title='bbox 1040 2335 1160 2366; x_wconf 84' lang='lat' dir='ltr'>Vitium</span> <span class='ocrx_word' id='word_1_303' title='bbox 1188 2343 1246 2365; x_wconf 77' lang='lat' dir='ltr'>neo</span> <span class='ocrx_word' id='word_1_304' title='bbox 1271 2335 1382 2374; x_wconf 82' lang='lat' dir='ltr'>effugio</span> 
     </span>
     <span class='ocr_line' id='line_1_69' title="bbox 994 2380 1402 2414; baseline 0.007 -4"><span class='ocrx_word' id='word_1_305' title='bbox 994 2380 1088 2412; x_wconf 86' lang='lat' dir='ltr'>Vitiis</span> <span class='ocrx_word' id='word_1_306' title='bbox 1120 2381 1239 2411; x_wconf 86' lang='lat' dir='ltr'>dudum</span> <span class='ocrx_word' id='word_1_307' title='bbox 1265 2382 1402 2414; x_wconf 61' lang='lat' dir='ltr'>deditus</span> 
     </span>
    </p>
   </div>
  </div>
 </body>
</html>
