1653 2566
677 75 936 112 —107-

757 171 850 202 158.

832 233 864 263 2.
891 231 955 263 Sed
980 232 1015 261 tu
1038 229 1107 269 quis
1133 238 1166 261 es
1189 229 1243 269 qui
1268 229 1429 269 mussitas,

150 224 179 257 1.
206 225 273 264 Quo
300 227 401 267 vadis,
428 237 489 268 quo
514 231 726 271 progrederis,

256 274 364 314 Usque
389 284 449 314 quo
474 276 706 317 progressura?

207 319 274 358 Quo
300 320 394 365 fugis,
422 331 478 354 cur
501 332 553 355 me
579 325 708 365 deseriS,

257 368 323 407 Quo
348 377 449 408 usque
475 370 666 403 desertura?

254 416 348 447 Mens
371 416 462 459 levis,
489 427 578 450 mens
605 419 694 458 dura,

301 464 421 495 Tecum
448 464 600 508 delibera,

302 509 487 551 Considera,

254 557 355 596 Quam
379 556 563 601 facundum,

254 605 353 644 Quam
375 605 560 646 jucundum,

300 652 423 691 Quanto
450 652 618 692 dispendio

301 698 353 731 De
376 699 493 740 gaudio

349 746 547 787 Subduxisti,

347 793 437 832 Quod
462 795 596 834 coepisti

394 840 467 872 Non
494 845 690 884 exsecutura,

349 888 488 920 Stultum
513 889 632 922 Christi

348 935 504 967 Delusisti

394 983 521 1016 Justum
545 983 722 1023 proditura.

939 277 998 316 Qui
1024 280 1135 309 contra
1162 285 1211 308 me
1237 277 1377 317 gannire,

891 325 951 363 Qui
976 326 1086 356 contra
1110 332 1160 355 me
1181 333 1244 356 non
1268 324 1406 357 haesitas

939 372 1063 411 Injuste
1086 370 1277 411 superbire?

938 419 1004 450 Vas
1029 416 1118 458 fumi,
1143 427 1199 450 vas
1222 419 1300 458 irae,

983 465 1102 497 Tecum
1127 465 1278 506 delibera,

987 512 1170 553 Considera,

938 560 1037 599 Quam
1061 562 1244 601 tumentem,

938 606 1036 645 Quam
1061 606 1232 638 foetentem

985 653 1124 694 Raptum
1151 654 1190 686 de
1213 653 1336 685 lubrico

990 700 1063 732 Non
1087 701 1213 733 modico

1032 747 1078 779 Te
1104 748 1191 788 coegi

1033 787 1161 826 Sdmmo
1185 794 1253 834 regi

1079 842 1213 874 Prorsus
1238 840 1379 881 obedire,

1034 887 1136 920 Stulte
1159 887 1231 928 feci,

1033 935 1122 974 Quod
1147 935 1251 975 adJ'eci

1079 982 1182 1014 Stulto
1207 982 1386 1017 subvenire.

223 1045 305 1075 Cant.
327 1056 380 1074 ms.
403 1047 485 1075 Petri
504 1047 540 1075 de
553 1048 677 1075 Medicis
701 1055 776 1074 saec.
791 1046 836 1076 13.
858 1048 927 1076 Ood.
941 1045 1131 1075 Laurentian.
1151 1046 1196 1074 Pl.
1217 1044 1262 1074 29.
1285 1045 1310 1073 1.
1330 1061 1367 1066 —-
1389 1046 1414 1082 2,

145 1093 193 1112 me
210 1084 292 1113 fehlt.

755 1160 851 1191 159.

488 1215 528 1246 Ut
548 1224 567 1246 a
586 1214 723 1256 peccatis
743 1215 860 1247 nostris
884 1215 1113 1246 convertamur.

148 1276 179 1308 1.
205 1275 337 1307 Leniter
363 1284 402 1307 ex
426 1275 539 1308 merito

253 1323 445 1362 Ferendum,
472 1324 557 1362 quod
583 1323 731 1363 patimur,

206 1369 370 1402 Meremur
395 1378 433 1402 ex
458 1369 564 1402 debito

255 1418 387 1457 Poenas,
415 1417 529 1457 quibus
554 1417 729 1456 sudemur,

254 1465 344 1506 Quia,
372 1464 447 1496 dum
474 1464 649 1497 deserimur

204 1512 399 1544 Deserentes
423 1511 593 1544 Dominum

250 1560 321 1592 Nec
344 1560 387 1592 ad
414 1568 468 1591 cor
494 1560 706 1592 convertimur

206 1607 294 1640 Mole
318 1607 422 1648 pressi
448 1607 624 1647 criminum,

206 1655 332 1687 Poenae
356 1663 491 1694 poenam
515 1655 674 1695 addimus,

206 1702 316 1743 Longa
340 1706 426 1734 reste
449 1701 603 1734 trahimus

253 1751 424 1783 Peccatum
449 1750 639 1789 implicitum

253 1799 283 1830 A
308 1799 440 1837 peccato
466 1798 616 1837 genitum.

147 1857 178 1887 2.
204 1854 304 1886 Omne
327 1855 361 1886 in
382 1853 553 1895 praecipiti
831 1855 864 1887 4.

256 1901 358 1934 Cursu
383 1901 473 1932 stetit
500 1902 612 1933 vitium

208 1948 308 1981 Omne
333 1956 430 1988 genus
455 1947 547 1979 vetiti

256 1995 383 2028 Prodiit
404 1995 438 2026 in
461 1995 610 2038 medium,

256 2043 363 2076 Subiit
387 2042 533 2074 exsilium

207 2092 309 2124 Actus
334 2090 434 2122 omnis
459 2089 576 2132 licitus,

253 2139 299 2172 Et
323 2147 412 2169 suum
438 2135 579 2169 officium

206 2187 348 2219 Exercet
368 2184 541 2228 inhibitus3

208 2235 255 2267 Ob
281 2235 343 2266 hoc
366 2233 412 2264 ira
439 2231 569 2264 Domini

208 2282 425 2315 Comminatur
449 2279 579 2320 homini,

255 2332 379 2364 Poenas
406 2328 517 2361 dolens
542 2327 673 2365 reserat,

254 2379 302 2413 Ut
325 2378 511 2418 peccantem
538 2377 691 2407 conterat.

830 1277 862 1309 3.
886 1274 1001 1308 Poenis
1026 1275 1143 1307 nostris
1167 1275 1283 1306 totiens

935 1321 1054 1353 Divina
1078 1322 1268 1362 compatitur

890 1369 1075 1410 Clementia,
1102 1370 1245 1409 quotiens

934 1416 1040 1448 Ferox
1065 1425 1134 1448 esse
1160 1417 1298 1458 cogitur,

936 1463 1034 1495 Dolet
1058 1467 1090 1495 et
1112 1464 1272 1504 irascitur,

891 1511 970 1551 Quia
992 1519 1127 1550 poenam
1150 1511 1281 1551 irrogat,

937 1558 989 1596 Et,
1016 1559 1069 1598 qui
1090 1559 1177 1598 juste
1200 1559 1331 1599 patitur,

888 1606 1046 1639 Irascenti
1069 1606 1210 1646 derogat,

889 1654 968 1686 Vice
992 1661 1086 1685 versa
1109 1653 1279 1693 supplicat,

890 1701 949 1740 Qui
975 1701 1187 1733 damnandum
1209 1701 1343 1742 judicat,

935 1749 989 1781 Ad
1012 1756 1131 1787 poenas
1155 1748 1361 1789 improperat,

935 1796 1083 1829 Judicem
1108 1799 1286 1836 exasperat.

892 1853 999 1885 Poena
1025 1852 1164 1884 dolenda
1188 1852 1285 1891 venit,

937 1899 1024 1938 Quae
1048 1900 1135 1932 venit
1158 1900 1326 1939 immerita,

890 1948 989 1986 Quam
1013 1955 1072 1978 nec
1097 1947 1191 1986 culpa
1214 1948 1390 1988 praevenit,

939 1993 1008 2025 Nec
1031 1994 1228 2032 praecedunt
1251 1995 1374 2036 merita,

939 2041 1057 2072 Verum
1081 2050 1148 2082 nos,
1175 2042 1228 2081 qui
1253 2042 1354 2074 vetita

890 2087 962 2120 Non
986 2091 1132 2120 verentes
1158 2090 1327 2129 sequimur,

937 2136 1045 2168 Poena
1068 2145 1130 2168 non
1154 2136 1300 2168 indebita

891 2182 970 2215 Jure
994 2182 1048 2223 qui
1070 2183 1285 2224 percellimur,

893 2231 956 2263 Per
979 2230 1036 2262 has
1059 2240 1178 2271 poenas
1203 2240 1322 2264 annuas

893 2278 1035 2310 Vitemus
1058 2281 1247 2322 perpetuas3

943 2324 1145 2359 Gaudeamus
1171 2327 1289 2367 corripi

939 2373 1171 2413 Exspectantes
1196 2375 1296 2415 recipi
