1653 2566
656 104 915 139 ——139—

733 234 830 263 19⁹.

553 315 599 345 Ad
620 314 844 346 confessionem
863 312 1019 353 Episcopi.

156 400 208 433 la.
236 401 325 434 Nulli
351 401 538 434 beneficium

284 450 397 482 Justac
419 448 637 488 poenitudinis

330 497 534 537 Amputatur,

234 541 325 573 Nulli
349 542 451 580 majus
476 541 588 573 vitium

282 589 381 628 Quam
404 588 644 628 ingratitudinis

327 636 518 675 imputatur.

235 683 332 724 Ergo,
358 684 489 723 praesul
514 683 677 728 confitens,

233 730 314 763 Esto
340 739 415 763 vere
438 731 615 772 poenitens,

281 779 362 817 Quia
385 778 433 810 nil
456 777 614 811 confessio

284 826 398 865 Levat,
427 827 476 858 cui
503 827 650 859 contritio

840 400 891 434 ib.
918 401 952 432 Si
978 399 1141 433 confessus
1167 400 1276 442 fueris,

968 449 1032 481 Ore
1054 447 1093 479 fit
1116 446 1273 480 confessio

1013 495 1067 527 Ad
1091 496 1236 536 salutem,

922 541 1025 574 Corde
1048 542 1076 574 si
1102 543 1285 583 contereris,

967 589 1076 622 Animi
1102 590 1251 622 contritio

1015 636 1081 670 Dat
1104 638 1272 678 virtutem;

920 684 966 717 Ut
989 684 1124 717 salutern
1148 684 1278 729 habeas,

923 732 966 765 Ut
989 733 1140 765 virtutem
1164 736 1284 774 teneaS,

966 779 1101 812 Relictis
1124 778 1285 821 prioribus

965 828 1066 859 Tuam
1090 837 1168 860 orna
1191 828 1332 860 moribus

332 874 526 913 Denegatur.
1012 875 1227 908 Juventutem.

153 935 204 966 221.
232 934 372 974 Virtute,
396 944 460 967 non
485 937 638 975 sanguine
884 962 892 969 .
918 936 1021 968 Tuum
1045 936 1088 967 sit
1112 940 1314 969 contemnere

281 983 386 1015 Decet
406 982 466 1013 niti
970 984 1211 1016 contemnentes

236 1029 301 1061 Sub
328 1030 483 1062 honorum
507 1030 653 1070 culmine,
919 1030 965 1062 Et
988 1030 1097 1063 fovere
1119 1039 1250 1063 munere

285 1077 391 1111 Corde
411 1077 482 1108 miti
967 1078 1022 1110 Nil
1047 1078 1210 1121 habentes,

919 1125 1074 1157 Relevato
1101 1126 1222 1158 debiles

919 1172 965 1204 Et
989 1173 1109 1206 exaltes
1133 1173 1279 1215 humiles,

967 1221 1006 1253 In
1029 1222 1062 1251 te
1086 1221 1129 1251 sit
1150 1221 1322 1264 humilitas,

233 1124 359 1157 Foveas
381 1124 553 1162 innoxium,

236 1172 389 1212 Reprime
412 1170 566 1212 flagitium

287 1219 425 1260 Superbi
450 1222 482 1250 et
505 1219 604 1262 impii,

285 1267 434 1306 Supremi
456 1267 569 1306 judicii

235 1314 361 1346 Memor
382 1314 470 1353 J'uste
490 1314 610 1356 judica,
921 1315 968 1347 Ut
990 1316 1062 1346 lene
1088 1315 1242 1355 corripias

238 1362 433 1394 Praedicans
458 1370 521 1393 non
547 1361 701 1394 claudioa.
921 1362 966 1393 Et
989 1370 1101 1394 serene
1124 1363 1234 1395 lenias,

153 1427 204 1457 321.
233 1423 290 1455 Cui
315 1423 416 1462 magis
442 1422 658 1463 committitur,
840 1422 892 1457 3b.
921 1423 997 1455 Cum
1021 1423 1172 1463 subjectis
1197 1432 1238 1455 ne
1261 1433 1321 1464 par
1346 1433 1409 1465 eas,

237 1471 290 1502 Ab
317 1480 353 1503 eo
379 1470 450 1511 plus
477 1470 624 1509 exigitur.
922 1470 1079 1512 Exempla
1102 1472 1187 1504 mala
1212 1480 1323 1503 caveas

237 1518 320 1557 Quid
344 1518 481 1550 Domino
506 1517 656 1549 retribuis
925 1518 964 1549 ln
987 1518 1146 1557 subJectos
1171 1517 1405 1562 transfundere,

283 1567 347 1598 Pro
364 1567 421 1608 tot,
445 1574 527 1605 quae
544 1564 604 1596 tibi
621 1564 758 1597 tribuit?
971 1565 1054 1598 Nam
1070 1568 1186 1605 quanto
1202 1567 1319 1605 gradus
1333 1567 1438 1610 altior,

236 1612 320 1651 Quid
343 1614 398 1646 lae
420 1615 452 1644 et
470 1613 577 1645 lanam
602 1613 686 1644 eruis
923 1612 1002 1644 Cum
1025 1613 1171 1652 graviore
1193 1613 1337 1652 pondere

286 1659 409 1701 Gregis,
438 1661 526 1700 quus
553 1660 716 1692 constituit
970 1660 1073 1692 Tanto
1097 1660 1218 1693 labenti
1241 1662 1368 1700 gravior

331 1708 379 1740 Te
402 1705 588 1746 pastorem?
1016 1707 1143 1747 Lapsus
1168 1708 1279 1748 datur3

238 1755 303 1787 Sed
329 1763 416 1795 cave,
442 1764 484 1787 ne
509 1763 578 1786 cum
603 1754 736 1797 venerit,
922 1754 973 1787 Ne
998 1756 1158 1796 desperes,
1184 1755 1212 1787 si
1237 1756 1375 1788 criminis

283 1803 330 1835 Te
356 1802 502 1835 districte
521 1805 598 1834 tunc
619 1804 761 1834 conterat
969 1804 1008 1836 In
1031 1802 1133 1835 latens
1157 1803 1378 1843 praecipitium

332 1850 379 1883 Ut
403 1853 575 1890 raptorem,
1019 1850 1079 1883 Pes
1103 1850 1239 1890 labatur,

236 1896 411 1929 Districtus
433 1898 534 1936 judex
559 1897 673 1938 aderit,
923 1899 1007 1930 Nam
1028 1897 1134 1936 justae
1157 1899 1372 1937 poenitudinis

284 1945 380 1976 Nunc
399 1944 558 1976 sustinens
577 1945 760 1976 considerat
968 1944 1059 1977 Nulli
1081 1944 1270 1977 beneficium

322 1993 538 2024 Peccatorem.
1015 1992 1219 2031 Amputatur.

968 1268 1027 1301 Cui
1050 1268 1150 1299 mixta
1172 1268 1216 1300 sit
1239 1269 1389 1311 gravitas,

210 2085 293 2113 Cant.
314 2095 367 2113 ms.
388 2085 469 2112 Petri
489 2082 526 2113 de
545 2084 671 2112 Medicis
692 2092 767 2113 saec.
791 2082 834 2113 13.
871 2084 939 2112 Cod.
959 2085 1150 2112 Laurentian.
1170 2085 1214 2113 Pl.
1235 2082 1280 2112 29.
1304 2084 1328 2113 1.
1349 2086 1383 2115 A.
1404 2102 1440 2106 -

132 2125 216 2154 Cant.
236 2132 290 2151 ms.
310 2124 486 2152 Toletanum
512 2130 587 2151 saec..
611 2120 654 2150 13.
676 2122 744 2150 eod.
764 2123 912 2150 Matriten.
929 2123 1023 2150 Tolet.
1038 2120 1094 2150 930
1106 2120 1247 2158 (33—23).
1269 2124 1304 2151 B.
1320 2138 1351 2145 -
1373 2125 1442 2153 Coti.

130 2162 390 2197 Guelfenbyteran.
410 2160 624 2189 Helmstadien.
652 2159 715 2188 628.
750 2168 825 2188 saec.
846 2158 892 2188 23.
913 2162 944 2188 (J.
965 2177 1002 2181 —-
1021 2160 1082 2188 Aus
1102 2160 1251 2189 letzterem
1272 2162 1319 2190 bei
1338 2163 1444 2191 Milch-

130 2201 203 2230 sack
230 2197 284 2227 182
310 2208 386 2236 sqq.‚
412 2199 483 2226 aber
509 2200 542 2227 iu
567 2198 628 2226 drei
649 2198 756 2226 Lietler
788 2198 939 2234 aufgelost.
977 2198 1051 2227 Dass
1072 2199 1126 2226 wir
1147 2208 1177 2227 es
1197 2207 1252 2226 nur
1275 2202 1330 2228 mit
1349 2203 1444 2230 eimm

130 2240 223 2268 Linde
247 2247 285 2266 zu
309 2238 383 2266 ‘chun
407 2237 519 2271 haben,
545 2237 668 2264 beweist
694 2236 745 2264 der
766 2236 925 2270 Umstand,
953 2237 1016 2265 dass
1040 2237 1091 2264 der
1111 2237 1232 2265 Schluss
1252 2238 1302 2266 des
1322 2240 1442 2268 Ganzeu

131 2279 187 2305 mit
206 2276 271 2304 dem
284 2276 419 2311 Anfange
438 2275 489 2302 des
501 2275 609 2302 Lindos
629 2273 847 2311 gleiehlautend
865 2276 913 2303 ist.
934 2289 971 2294 —
991 2276 1048 2303 Die
1066 2275 1247 2313 b-Strophen
1264 2277 1363 2306 fehlen
1381 2279 1441 2314 AB,

131 2316 180 2343 <lie
205 2312 376 2350 ungeraden
401 2312 499 2341 finden
524 2313 587 2341 sich
613 2313 687 2340 auch
711 2312 806 2340 Carln.
826 2314 894 2341 Bur.
921 2322 948 2348 p.
971 2312 1006 2341 12
1026 2322 1069 2350 sq.
1094 2328 1133 2333 —
1159 2313 1216 2349 33,
1244 2313 1261 2342 5
1288 2316 1371 2350 Quod
1397 2318 1443 2345 lac

130 2355 188 2382 Bc.
210 2367 246 2371 —
267 2350 319 2387 3a,
337 2351 371 2380 11
392 2352 545 2380 Districtis
559 2352 591 2379 B.
614 2366 646 2370 ——
670 2349 723 2384 31),
741 2349 775 2378 12
789 2352 872 2379 Nulli
893 2351 966 2379 fehlt
979 2352 1010 2385 C,
1031 2360 1067 2379 zu
1086 2354 1230 2389 ergiinzen
1244 2361 1296 2381 aus
1313 2354 1362 2391 la,
1380 2354 1403 2384 1.
