1653 2566
651 81 884 118 „31-

735 187 804 217 30.

116 278 148 311 1.
173 280 213 311 In
238 279 383 319 paschali
407 280 531 320 gaudio,
801 285 832 318 3.
859 283 1032 315 Salvatoris
1060 281 1192 314 vulnera

225 326 365 369 Coelum,
394 329 482 359 terra,
505 328 647 367 plaudat,
904 330 1040 362 Thomas
1065 329 1283 367 contrectavit,

176 374 254 406 Jesu
277 382 413 414 namque
437 374 542 413 passio
859 376 938 416 Ejus
964 386 1018 409 cor
1041 379 1073 408 et
1095 375 1207 416 latera,

223 420 314 453 Evae
341 422 475 453 mortem
502 421 647 465 damnat3
906 423 1019 456 Fidem
1044 422 1212 464 solidavit3

178 468 324 501 Christus
346 476 439 500 cruce
461 469 604 511 mon'tur‚
862 470 987 503 Gaudet
1012 470 1052 502 de
1075 469 1208 501 victoria

177 515 260 547 Caro
291 515 383 547 busto
407 515 558 555 traditur,
860 517 977 550 Christi
1004 518 1044 549 de
1067 515 1154 547 tribu
1179 514 1266 548 Juda

222 562 340 593 Anima
369 560 518 601 abyssum
907 564 1044 604 Quisque
1072 563 1250 601 electorum,

177 608 324 640 Destruit
349 611 381 640 et
405 608 532 648 spoliat,
861 611 979 650 Quibus
1003 610 1134 643 mandat
1158 609 1320 649 Dominus,

176 655 307 687 Vinctos
331 655 409 687 inde
431 655 558 696 liberat,
859 658 972 690 Fidem
998 656 1060 689 fari
1084 656 1230 696 gentibus

224 702 565 748 Redditparadisum.
906 705 950 737 Et
972 713 1102 745 regnum
1128 704 1294 735 coelorum.

120 788 155 820 2.
179 787 231 820 EX
253 786 380 819 inferno
403 787 531 819 rediens
803 790 835 822 4.
863 789 963 821 Voces
988 791 1115 821 nostrae
1138 787 1268 827 gloriam

228 835 355 867 Praeda
379 842 485 866 secum
510 835 623 876 pergit,
908 835 1098 876 Resurgenti
1129 834 1254 867 Christo

180 881 309 913 Flatum
339 881 426 914 carni
451 882 563 914 uniens
865 883 959 915 Suam
984 883 1024 915 ob
1050 882 1213 915 victoriam

229 929 376 961 Gloriose
400 928 519 969 surgit;
910 930 1029 962 Dicant
1053 928 1149 961 corde
1170 931 1246 972 toto,

178 976 317 1016 Matrem
342 976 465 1008 tristem
492 976 611 1014 visitat,
863 977 1006 1016 Alleluia
1027 975 1145 1016 jugiter

180 1023 333 1054 Liberum
364 1032 399 1054 se
424 1023 609 1062 comprobat
863 1024 1057 1055 Resonemus
1084 1022 1228 1058 dulciter,

228 1070 346 1102 Mortis
371 1069 411 1101 ab
437 1070 605 1110 aerumnis,
910 1070 969 1108 Qui
993 1078 1098 1101 sumus
1123 1069 1217 1100 saluti

180 1117 291 1149 Edens
318 1126 387 1149 cum
414 1116 590 1155 discipulis,
762 1134 765 1137 -
865 1117 1014 1156 Corporis
1040 1119 1072 1148 et
1095 1116 1217 1147 animae

181 1164 380 1204 Apparendo
405 1162 542 1204 feminis,
867 1165 916 1195 Ac
941 1164 1085 1195 coelestis
1109 1163 1233 1202 patriae

223 1211 319 1243 Fidei
342 1211 488 1243 alumnis.
908 1211 974 1242 Viis
999 1209 1145 1242 restituti.

520 1297 551 1328 5.
579 1295 717 1336 Surgere
745 1306 766 1328 a
788 1296 874 1327 vitiis

622 1343 691 1374 Fac
714 1352 772 1374 nos
798 1343 839 1374 ad
866 1343 998 1374 virtutes

576 1389 745 1429 Sacrisque
771 1389 893 1421 deliciis

619 1436 723 1475 Reple
744 1436 798 1467 hic
823 1437 990 1478 degentes3

573 1483 662 1523 Jesu,
690 1484 770 1515 coeli
794 1484 942 1524 gaudium

572 1531 620 1563 Et
643 1539 760 1562 corona
782 1531 950 1572 virginum,

624 1577 717 1610 Pacis
751 1577 801 1609 fer
825 1578 974 1619 solamen,

578 1626 617 1658 In
643 1627 783 1657 extremo
809 1628 952 1665 tempore

574 1673 691 1705 Tecum
722 1682 845 1713 quoque
869 1673 976 1704 vivere

621 1721 754 1752 Praesta
776 1720 878 1752 nobis.
925 1721 1038 1753 Amen.

117 1851 135 1881 3
165 1851 184 1881 4
197 1815 269 1880 3313.
286 1816 439 1843 Monaeen.
460 1813 509 1848 (ol.
526 1814 675 1849 Tegurin.)
697 1811 802 1841 19624.
823 1814 892 1840 anni
916 1810 995 1840 1490.
1015 1827 1054 1831 -
1072 1809 1099 1844 3,
1120 1808 1138 1838 3
1158 1819 1207 1838 cor
1229 1813 1259 1838 et
1278 1811 1377 1838 altera.

137 1873 144 1886 ‚
228 1863 238 1880 1
261 1862 285 1880 e.

742 2001 809 2030 31.

119 2102 152 2135 1.
177 2101 238 2141 Qui
262 2107 375 2140 passus
401 2100 450 2129 est
473 2097 589 2137 pridie,
806 2099 838 2130 2.
864 2097 901 2129 In
926 2106 1021 2128 manu
1044 2096 1205 2136 potentiae

178 2147 370 2182 Resurrexit
392 2145 498 2185 hodie,
864 2145 1054 2177 Resurrexit
1076 2144 1182 2183 hodie,

175 2196 287 2229 Novus
313 2195 400 2236 gigas
863 2192 1012 2225 Redemit
1033 2200 1091 2224 nos

227 2242 373 2284 geminae
396 2239 603 2282 substantiae,
915 2241 955 2272 de
976 2240 1048 2271 lacu
1071 2239 1228 2279 miseriae,

179 2290 368 2324 Resurrexit
865 2287 1053 2319 Resurrexit

227 2338 325 2371 hodie
348 2346 407 2370 rex
431 2335 561 2378 gloriae.
911 2335 1008 2368 hodie
1027 2344 1084 2367 rex
1108 2334 1229 2377 gloriae
