1653 2564
182 208 189 217 .
217 186 361 218 Tandem
387 186 506 219 Christi
530 188 667 229 nuntius,

264 233 381 266 Duliae
405 235 545 267 caducae

215 281 386 313 Versatilis
411 281 547 323 gladiuS,

263 328 335 360 Non
362 329 508 361 obstante
533 333 622 362 truce

215 375 349 417 Populo,
374 377 560 415 quantocius

264 422 463 455 Circumfusa
485 423 556 455 luce

214 468 318 505 Fidei,
345 469 486 502 Parisius

265 517 358 549 Venit
383 517 509 549 Christo
536 519 626 550 duce.

181 597 188 605 .
216 573 403 613 Exstirpato
430 573 536 605 duliae

262 619 510 660 circumquaque
535 619 611 653 felle

214 666 386 707 Infusoque
410 668 523 699 latriae

259 714 340 754 Ejus
363 715 433 746 loco
456 715 561 753 melle,

212 761 307 793 Sator
330 761 410 802 legis
435 761 547 802 hagiae

258 808 322 840 Per
345 807 500 849 praefecti
526 809 607 842 velle

214 856 333 896 Captus
358 855 421 887 fuit,
444 856 540 896 impie

260 902 361 936 Caesa
382 903 480 943 virgis
505 903 600 943 pelle.

687 92 921 128 ..67-

839 191 857 223 5
864 215 871 222 .
898 189 1024 223 Clibani
1047 188 1194 221 incendia

944 236 1037 269 Fidei
1062 235 1181 268 athleta

895 285 945 316 Ac
968 285 1125 315 tormenta
1148 283 1211 315 alia

941 332 1050 364 Mente
1071 330 1143 362 tulit
1166 331 1260 369 laeta,

896 378 1005 410 Famis
1033 377 1181 410 animalia

942 424 1046 457 Rabie
1068 425 1193 464 repleta

894 472 932 504 In
959 472 1025 511 ejus
1050 472 1228 511 praesentia

944 518 1048 550 Fuere
1071 518 1186 559 quieta.

863 599 869 605 .
897 574 983 607 Hinc
1007 575 1151 616 pluribus
1176 575 1247 608 aliis

942 622 1069 663 Martyr
1091 623 1251 655 trabeatus

895 672 1034 702 Attritus
1058 670 1225 710 suppliciis

937 716 983 749 Et
1005 718 1227 756 incarceratus,

894 764 1035 796 Tandem
1063 772 1100 795 ex
1127 764 1254 796 cibariis

942 811 1028 843 Coeli
1054 813 1213 843 recreatus

896 857 973 890 Cum
999 858 1121 891 duobus
1145 858 1239 890 sociis

941 905 1018 937 Fuit
1043 904 1224 937 decollatus,

539 960 570 992 7.
599 959 646 991 Te
670 959 730 991 hoc
751 960 782 990 in
805 960 926 999 exsilio,

646 1005 763 1038 Sancte
786 1005 930 1047 Dionysi,

599 1053 704 1086 Corde
727 1062 873 1093 rogamus
897 1055 961 1096 pio,

641 1100 688 1134 Ut
713 1109 819 1132 omnes
843 1101 964 1140 provisi

595 1147 648 1179 Sic
672 1150 726 1180 tuo
751 1147 897 1188 suffragio

644 1194 757 1233 Simus,
784 1203 825 1226 ne
850 1196 945 1227 divisi

595 1243 674 1274 Post
696 1245 829 1274 mortem
854 1252 872 1274 a
897 1243 1012 1282 gaudio

642 1288 745 1321 Simus
770 1290 921 1329 paradisi.

229 1354 299 1382 Cod.
319 1354 446 1382 Parisin-
466 1353 516 1389 (ol.
537 1353 774 1390 Sandionysian.)
794 1352 900 1382 15131.
922 1363 996 1382 saec.
1020 1352 1046 1382 12³

759 1438 823 1468 98.

149 1496 180 1530 1.
207 1497 382 1529 seminavit
407 1496 552 1536 Graecia,
832 1499 863 1529 2.
886 1498 950 1530 Per
976 1496 1133 1529 defectum

254 1543 344 1583 Quod
369 1544 483 1576 mentis
508 1544 543 1576 in
568 1543 684 1576 horrea
937 1544 1049 1576 solaris
1074 1544 1200 1577 luminis

206 1591 279 1623 Jam
304 1592 431 1631 reponit
456 1591 572 1631 Gallia,
891 1592 1073 1624 Illustratur

256 1637 398 1672 Granum
423 1639 493 1671 sine
515 1638 619 1679 palea,
936 1639 1054 1671 lumine
1077 1638 1215 1671 numinis

209 1686 299 1725 Quod
323 1686 412 1718 senio
434 1695 497 1718 non
520 1686 639 1725 interit,
889 1686 1033 1719 Haerens
1058 1686 1229 1726 Dionysius

208 1734 297 1774 Quod
325 1733 435 1766 mundi
459 1734 544 1766 mola
566 1743 629 1766 non
654 1734 738 1772 terit,
892 1734 929 1767 In
956 1734 1068 1773 eclipsi
1095 1734 1220 1774 dubius,

254 1781 345 1820 Quod
370 1790 454 1813 nunc
478 1790 576 1822 usque
602 1780 737 1822 dapibus
937 1781 1049 1821 Neque
1074 1781 1196 1813 clausas

252 1828 382 1861 Fideles
408 1828 597 1861 coelestibus
934 1829 998 1861 Diu
1023 1837 1134 1861 causas

300 1876 439 1917 saginat.
981 1877 1118 1916 Aperire
1142 1875 1270 1908 sufficit.

480 1935 512 1966 3.
538 1932 661 1965 Natura
685 1941 792 1965 secum
817 1932 992 1972 disputans,

533 1980 641 2011 Motus
670 1981 826 2011 astrorum
853 1982 1037 2018 computans

584 2026 657 2058 Non
681 2026 811 2064 invenit,
840 2026 922 2065 quod
948 2027 1120 2066 quaeritur,

581 2073 636 2105 Sic
659 2073 740 2105 ratio
766 2073 917 2105 scrutinio

534 2120 694 2153 Deficiens
720 2120 928 2162 compellitur,

579 2168 626 2201 Ut
650 2176 685 2200 se
709 2177 806 2208 supra
829 2176 864 2200 se
889 2171 1030 2209 quaerat,

533 2215 627 2255 Dum,
654 2215 737 2255 quod
762 2216 894 2256 quaerit,
921 2216 1078 2257 attingere

583 2263 654 2296 Non
679 2266 799 2295 temere
824 2264 983 2304 desperat.

220 2330 304 2359 Cant.
331 2338 384 2358 ms.
405 2329 487 2358 Petri
511 2328 546 2356 de
565 2327 687 2356 Medicis
709 2336 783 2356 saec.
807 2326 849 2356 13.
881 2327 952 2356 Ood.
972 2329 1161 2357 Laurentian.
1181 2329 1225 2357 Pl.
1246 2327 1291 2357 29.
1315 2329 1339 2358 1.
1359 2331 1393 2358 A.
1416 2347 1455 2352 —-

146 2369 215 2398 Cod.
238 2368 495 2404 Guelfenbyteran.
509 2366 721 2396 Helmstadien.
744 2364 808 2394 628.
829 2374 903 2395 saec.
924 2364 965 2395 13.
988 2368 1020 2395 B.
1042 2381 1077 2386 —-·
1093 2367 1150 2395 Cfr,
1163 2368 1327 2397 Milchsack
1342 2367 1395 2397 201
1410 2378 1453 2407 sq.

1242 2414 1281 2443 5,,
