1653 2564
738 108 1005 143 -156—

815 202 916 232 222.

215 242 246 274 1.
274 241 378 274 Vitam
405 241 480 273 duxi
895 248 926 279 2.
953 246 1151 286 Impendisse

314 289 487 328 J'ucundam
511 290 568 321 sub
594 298 709 331 amore,
998 294 1078 325 libet
1101 296 1223 334 tempus
1248 296 1358 336 amori,

272 335 348 367 Plus
371 335 497 368 libitum
952 340 1002 371 Nc
1025 340 1174 380 nesciam,

272 383 368 421 Quam
391 382 512 414 licitum
953 387 1031 419 Cum
1055 388 1179 426 cupiam

318 430 509 470 Attendens,
997 434 1131 473 Fugisse
1141 445 1149 474 ;

271 475 335 508 Sed
358 486 377 508 a
401 477 467 508 vita
950 480 1046 512 Malis
1071 490 1205 521 namque

318 523 469 564 resipisco
498 526 615 565 priore,
997 527 1123 559 medela
1147 529 1276 561 certiori

271 570 347 601 Plus
377 571 490 602 studiis
951 574 1142 615 Occurreris,

271 616 369 655 Quam
398 619 489 649 seriis
951 620 1027 653 Cum
1049 622 1170 661 poteris

319 663 529 698 Contendens.
997 668 1142 701 Novisse.

269 710 316 744 Ut
339 720 419 751 quae
444 711 562 745 causa?
947 715 1034 756 Ergo
1058 716 1172 757 sciens,

317 759 489 799 compellor
512 760 616 802 unica,
996 763 1072 803 quid
1097 764 1139 794 sit
1162 765 1320 805 illicitum,

269 805 319 837 Ne
343 815 394 837 me
417 804 502 838 fama
948 809 1107 842 Redeunti

316 862 372 885 suo
395 854 502 893 privet.
525 853 645 894 favore,
994 867 1058 889 non
1084 858 1252 889 concedam
1277 857 1388 899 furori,

270 899 352 930 Dum
377 900 434 931 sub
458 901 525 932 vita
948 902 1013 935 Sed
1036 903 1142 936 vitabo

316 947 388 979 vivo
412 947 598 988 philargica.
994 951 1111 983 malum
1136 953 1384 993 praecognitum.

593 1002 624 1033 3.
651 1001 761 1032 Potest
783 1009 927 1041 namque,

697 1056 738 1079 ne
764 1048 944 1080 damnemus
968 1058 1118 1090 amorem,

652 1095 712 1126 Vel
736 1095 859 1126 veniam

654 1142 713 1173 Vel
735 1143 869 1181 gratiam

698 1189 830 1229 Mereri,

652 1236 772 1267 Reddit
801 1235 883 1267 enim

700 1285 857 1314 amantem
881 1284 1035 1315 minorem

653 1328 822 1361 Affabilem

653 1376 697 1407 Et
721 1377 855 1409 docilem

699 1425 822 1465 Vereri,

653 1471 812 1511 Quidquid
836 1474 931 1510 turpe

701 1521 792 1557 putat
817 1520 848 1550 et
871 1518 1016 1558 amphus,

654 1564 726 1596 Non
749 1566 828 1597 nihil
854 1568 911 1604 est,

700 1620 739 1643 ne
763 1611 846 1644 forte
868 1614 997 1651 praeter
1019 1621 1137 1645 morem

654 1658 737 1689 Dum
763 1659 903 1699 carpitur

702 1704 824 1738 fructus
849 1705 1019 1739 Venereus.

288 1755 370 1783 Cant.
398 1764 449 1782 ms.
473 1756 553 1783 Petri
577 1756 613 1783 de
637 1755 760 1783 Medicis
793 1764 862 1784 aec.
894 1755 937 1785 13.
978 1757 1047 1785 Cod.
1067 1757 1255 1785 Laurentian.
1275 1757 1319 1785 Pl.
1348 1756 1394 1786 29.
1424 1758 1448 1786 1.
1476 1773 1510 1778 ——

212 1790 239 1826 3,
260 1792 276 1819 7
298 1795 438 1822 minorem
458 1796 611 1821 amantem.
636 1808 665 1812 —
691 1791 717 1827 3,
744 1792 778 1822 10
797 1795 867 1822 Veri
887 1795 941 1822 Hs.

809 1850 906 1880 223.

215 1894 244 1926 1.
273 1893 331 1932 Qui
356 1894 413 1926 sub
438 1894 541 1926 Dione
564 1894 692 1933 militas,
890 1897 921 1927 2.
948 1895 1007 1934 Qui
1029 1895 1157 1928 laboras
1181 1896 1238 1928 sub
1264 1896 1397 1933 Venere,

269 1940 342 1980 Dic,
367 1950 493 1981 quaeso,
517 1951 599 1982 quae
620 1942 752 1984 utilitas,
948 1943 1017 1975 Tuo
1043 1943 1203 1976 discussus
1227 1952 1325 1984 opere

319 1988 393 2027 Quis
421 1989 497 2020 inde
521 1990 622 2029 surgit
641 1987 786 2021 fructus?
996 1990 1170 2030 Finemque
1193 1992 1358 2031 meditare,

271 2035 333 2066 Est
360 2035 459 2068 fallax
480 2036 673 2075 jucunditaS,
950 2038 994 2070 Ut
1018 2038 1124 2072 valeas
1153 2038 1342 2078 discernere,

272 2082 370 2120 Quam
395 2086 427 2115 et
451 2084 570 2115 dierum
597 2084 740 2124 paucitas
951 2085 1049 2123 Quam
1074 2086 1117 2116 sit
1140 2094 1281 2117 amarum
1304 2088 1423 2117 temere

319 2130 470 2170 Jugisque
494 2131 614 2162 claudit
637 2131 750 2171 luctus,
995 2132 1105 2164 Amari
1129 2133 1180 2164 vel
1204 2141 1321 2166 amare.

271 2176 401 2209 Doloris
424 2178 457 2208 in
482 2178 680 2217 absynthium
949 2179 1036 2220 Fles,
1062 2179 1157 2218 rideS,
1184 2180 1268 2222 salis,
1295 2182 1431 2221 aestuas,

276 2223 474 2256 Commutans
499 2226 560 2256 me]
585 2225 754 2257 Venerium
951 2225 1091 2266 DiffidiS,
1117 2235 1237 2267 speras,
1263 2225 1405 2266 fluctuas,

319 2271 477 2311 Virusque
497 2272 694 2312 voluptatum
997 2273 1162 2306 Mutabilis
1191 2274 1329 2313 ignoras,

272 2318 447 2350 Aeternum
470 2318 503 2350 in
528 2318 717 2359 supplicium
954 2320 1035 2359 Quid
1062 2320 1139 2352 velis
1164 2321 1280 2360 quidve
1303 2328 1428 2359 renuas,

275 2364 423 2405 Leneque
445 2366 633 2398 lenocinium
951 2367 1040 2398 Inter
1066 2376 1156 2399 curas
1182 2368 1345 2399 continuas

318 2414 357 2446 In
381 2421 503 2452 poenae
525 2414 722 2453 gravitatem.
1001 2414 1171 2447 Contendis
1196 2417 1228 2445 et
1249 2413 1387 2447 laboras
