1653 2566
659 99 913 133 —177—

474 191 505 223 3.
532 193 660 234 Plange,
687 197 788 225 mater
814 195 956 237 ecclesia,

576 240 677 272 Indue
698 243 730 271 te
755 241 866 284 cilicio,

527 287 613 325 Quae
636 287 728 318 sedes
753 289 785 319 in
811 289 942 321 tristitia

575 334 677 365 Tanto
702 335 828 373 privata
853 334 928 375 filio,

576 380 635 419 Qui
660 389 716 412 suo
742 380 818 414 forti
842 382 971 414 brachio

526 426 573 458 Te
597 426 678 458 fovit
701 428 734 458 in
763 429 941 468 concordia,

573 473 637 506 Sed
659 474 724 513 J'am
750 476 867 508 luctum
892 476 924 507 in
950 477 1063 516 gaudio

574 521 636 553 Pro
660 521 743 553 bono
766 526 863 562 muta,
889 524 981 563 ratio,

574 567 656 599 Nam
680 568 801 601 Romae
824 570 1002 602 testimonio

526 614 663 646 Securus
690 618 738 647 est
764 617 803 648 de
828 617 928 649 venia.

206 704 287 732 Cant.
310 714 361 733 ms.
382 706 463 734 Petri
484 706 519 734 de
532 707 656 735 Medicis
678 715 753 735 saec.
778 706 819 737 13.
842 708 911 736 God.
932 710 1119 737 Laurentian.
1141 710 1184 737 Pl.
1204 707 1249 737 29.
1275 708 1298 736 l.
1319 725 1357 729 —
1370 707 1396 743 2,
1417 706 1434 734 2

51 741 75 765 Ι
128 743 208 770 Voce
229 745 294 770 sine
314 751 410 771 causa.
431 760 467 764 —-
488 742 514 777 2,
537 743 553 772 9
573 746 692 773 virtut-is
713 748 834 781 gratiae.

734 901 828 933 248.

464 994 499 1025 111
520 995 621 1026 Funus
641 994 768 1026 Henrici
787 995 824 1034 II,
846 995 981 1035 Angliae
1000 995 1103 1034 Regis.

129 1096 144 1125 1
187 1093 313 1135 Anglia‚
340 1094 486 1133 planctus
511 1094 593 1125 itera
813 1096 843 1126 2.
871 1094 1012 1126 Parisius
1037 1094 1085 1125 sol
1109 1095 1230 1133 patitur

232 1141 275 1172 Et
301 1142 343 1172 ad
368 1141 486 1172 luctum
512 1144 706 1180 convertere,
919 1141 1092 1180 Ecclipsim
1117 1142 1149 1172 in
1175 1141 1350 1181 Britannia,

184 1187 312 1228 Duplex
339 1188 486 1219 damnum
512 1188 679 1220 considera
871 1187 1070 1219 Generaliter
1096 1189 1252 1227 cernitur3

233 1235 363 1274 Duplici
388 1243 492 1266 merso
517 1235 635 1276 sidere,
916 1235 940 1267 O
969 1236 1036 1267 dies
1061 1236 1177 1267 mundo
1202 1236 1307 1274 noxia,

232 1282 321 1314 Mors
346 1282 378 1313 in
403 1285 435 1313 te
460 1282 562 1314 saevit
586 1290 698 1321 aspere
916 1282 940 1314 O
969 1283 1035 1314 dies
1059 1282 1162 1314 luctus
1184 1283 1304 1322 nuntia,

279 1328 348 1360 Nec
368 1330 434 1368 jam
458 1329 570 1360 mortis
594 1329 725 1360 insultui
961 1329 1066 1361 Solem
1092 1329 1256 1361 involvens
1280 1330 1412 1362 latebris

230 1376 331 1408 Facta
351 1379 464 1415 potens
488 1376 654 1413 resistere;
914 1376 937 1408 Ο
966 1376 1043 1416 (1105,
1069 1376 1171 1407 noctis
1196 1375 1272 1417 filia,

228 1423 315 1463 Ergo
341 1423 443 1455 luctus
467 1423 636 1462 ingredere
914 1423 938 1455 Ο
966 1423 1033 1455 dies
1059 1431 1168 1454 carens
1192 1424 1296 1463 venia,

278 1469 410 1509 Semper
434 1471 558 1502 intenta
580 1469 688 1501 luctui.
962 1470 986 1502 O
1011 1469 1077 1501 dies
1102 1471 1198 1509 plena
1221 1471 1370 1504 tenebriS.

200 1564 282 1592 Cani.
309 1573 361 1591 ms.
389 1565 468 1591 Petri
495 1563 530 1590 de
558 1563 682 1591 Medicis
715 1571 783 1590 ’aec
812 1561 854 1591 13.
897 1562 965 1590 God.
985 1564 1173 1591 Laurentian.
1201 1564 1243 1591 Pl.
1269 1562 1314 1591 29.
1342 1563 1365 1591 1.
1395 1579 1431 1584 -—

120 1602 182 1630 Das
206 1602 402 1630 Vorhandene
421 1604 461 1629 ist
481 1601 740 1637 augenscheinlich
761 1610 815 1628 nur
838 1602 884 1628 :in
903 1601 1085 1629 Bruchstiick
1106 1602 1155 1629 (les
1176 1602 1303 1630 Ganzen.

481 1776 517 1807 In
538 1776 733 1816 Richafflum,
753 1777 768 1809 I
786 1777 918 1817 Angliae
937 1778 1061 1818 Regem.

727 1873 826 1903 249.

119 1972 149 2004 1.
176 1971 276 2003 Redit
300 1973 387 2001 aetas
413 1977 519 2009 aurea,
804 1971 835 2001 2.
862 1968 949 2000 Deus
982 1977 1088 2010 regem
1115 1969 1245 2002 contulit

223 2017 364 2050 Mundus
393 2019 574 2056 renovatur,
910 2016 1012 2048 Nobis
1037 2019 1268 2059 praeoptatum7

175 2065 274 2097 Dives
299 2074 382 2098 nunc
409 2064 606 2104 deprimitur,
863 2062 965 2094 Terra
990 2072 1087 2095 cornu
1106 2064 1222 2103 potulit

222 2114 349 2151 Pauper
376 2112 544 2151 exaltatur,
910 2110 1028 2150 Copiae
1054 2110 1198 2150 ditatum,

174 2161 284 2193 Omnis
310 2168 366 2191 suo
391 2158 532 2199 principi
862 2156 1008 2189 Murmur
1033 2166 1124 2189 omne
1148 2157 1259 2198 populi

222 2207 318 2240 Plebs
345 2206 591 2249 congratulatur,
908 2205 1045 2237 Prorsus
1070 2207 1118 2236 est
1142 2205 1296 2245 sedatum,

174 2255 244 2287 Nec
270 2257 319 2287 est
342 2255 429 2287 locus
455 2254 578 2295 sceleri,
865 2252 958 2284 Plebs
985 2252 1042 2284 sub
1068 2261 1148 2292 pace
1172 2252 1260 2293 regia

176 2303 287 2336 Scelus
310 2303 404 2335 datur
430 2301 544 2341 funeri,
863 2298 998 2343 Gaudet,
1027 2309 1100 2339 pax,
1124 2299 1250 2340 ‚iustitia

220 2350 413 2384 Scandaium
444 2348 581 2389 fugatur.
910 2348 986 2380 Sese
1011 2347 1203 2381 osculantur.

176 2411 302 2437 breves,
320 2408 447 2433 Cautiones
462 2407 487 2430 et
499 2407 595 2430 Muteti.
623 2408 654 2431 Π.
1227 2401 1261 2430 12
