<?xml version="1.0" encoding="UTF-8"?>
<!DOCTYPE html PUBLIC "-//W3C//DTD XHTML 1.0 Transitional//EN"
    "http://www.w3.org/TR/xhtml1/DTD/xhtml1-transitional.dtd">
<html xmlns="http://www.w3.org/1999/xhtml" xml:lang="en" lang="en">
 <head>
  <title>
</title>
<meta http-equiv="Content-Type" content="text/html;charset=utf-8" />
  <meta name='ocr-system' content='tesseract 3.04.00' />
  <meta name='ocr-capabilities' content='ocr_page ocr_carea ocr_par ocr_line ocrx_word'/>
</head>
<body>
  <div class='ocr_page' id='page_1' title='image "./analectahymnica21drevuoft_00031.png"; bbox 0 0 1653 2564; ppageno 0'>
   <div class='ocr_carea' id='block_1_1' title="bbox 732 115 968 153">
    <p class='ocr_par' dir='ltr' id='par_1_1' title="bbox 732 115 968 153">
     <span class='ocr_line' id='line_1_1' title="bbox 732 115 968 153; baseline -0.004 -8"><span class='ocrx_word' id='word_1_1' title='bbox 732 115 968 153; x_wconf 43' lang='lat'>*28*</span> 
     </span>
    </p>
   </div>
   <div class='ocr_carea' id='block_1_2' title="bbox 204 210 763 439">
    <p class='ocr_par' dir='ltr' id='par_1_2' title="bbox 204 210 763 439">
     <span class='ocr_line' id='line_1_2' title="bbox 204 210 683 247; baseline -0.002 -1"><span class='ocrx_word' id='word_1_2' title='bbox 204 211 233 247; x_wconf 82' lang='lat'>3.</span> <span class='ocrx_word' id='word_1_3' title='bbox 258 210 311 245; x_wconf 87' lang='lat' dir='ltr'>En</span> <span class='ocrx_word' id='word_1_4' title='bbox 335 219 478 246; x_wconf 86' lang='lat' dir='ltr'>remeans</span> <span class='ocrx_word' id='word_1_5' title='bbox 504 210 543 244; x_wconf 89' lang='lat' dir='ltr'>ab</span> <span class='ocrx_word' id='word_1_6' title='bbox 570 210 683 245; x_wconf 81' lang='lat' dir='ltr'>inferis</span> 
     </span>
     <span class='ocr_line' id='line_1_3' title="bbox 308 258 753 301; baseline 0 -9"><span class='ocrx_word' id='word_1_7' title='bbox 308 260 409 292; x_wconf 89' lang='lat' dir='ltr'>Truso</span> <span class='ocrx_word' id='word_1_8' title='bbox 434 260 608 299; x_wconf 78' lang='lat' dir='ltr'><strong>triumphat</strong></span> <span class='ocrx_word' id='word_1_9' title='bbox 632 258 753 301; x_wconf 89' lang='lat' dir='ltr'>funere,</span> 
     </span>
     <span class='ocr_line' id='line_1_4' title="bbox 261 307 745 349; baseline 0.002 -11"><span class='ocrx_word' id='word_1_10' title='bbox 261 307 390 339; x_wconf 87' lang='lat' dir='ltr'>Tollens</span> <span class='ocrx_word' id='word_1_11' title='bbox 417 307 457 337; x_wconf 90' lang='lat' dir='ltr'>de</span> <span class='ocrx_word' id='word_1_12' title='bbox 482 307 574 338; x_wconf 91' lang='lat' dir='ltr'>domo</span> <span class='ocrx_word' id='word_1_13' title='bbox 599 307 745 349; x_wconf 81' lang='lat' dir='ltr'>carcen&#39;s,</span> 
     </span>
     <span class='ocr_line' id='line_1_5' title="bbox 308 351 763 396; baseline 0.004 -12"><span class='ocrx_word' id='word_1_14' title='bbox 308 354 390 392; x_wconf 79' lang='lat' dir='ltr'>Quos</span> <span class='ocrx_word' id='word_1_15' title='bbox 416 351 493 384; x_wconf 79' lang='lat' dir='ltr'>facit</span> <span class='ocrx_word' id='word_1_16' title='bbox 516 352 620 385; x_wconf 80' lang='lat' dir='ltr'>fauste</span> <span class='ocrx_word' id='word_1_17' title='bbox 644 354 763 396; x_wconf 88' lang='lat' dir='ltr'>vivere,</span> 
     </span>
     <span class='ocr_line' id='line_1_6' title="bbox 307 400 748 439; baseline 0 -7"><span class='ocrx_word' id='word_1_18' title='bbox 307 400 423 432; x_wconf 76' lang='lat' dir='ltr'>Laetos</span> <span class='ocrx_word' id='word_1_19' title='bbox 449 402 591 439; x_wconf 82' lang='lat' dir='ltr'>optatum</span> <span class='ocrx_word' id='word_1_20' title='bbox 617 408 748 432; x_wconf 89' lang='lat' dir='ltr'>cernere</span> 
     </span>
    </p>
   </div>
   <div class='ocr_carea' id='block_1_3' title="bbox 263 447 810 486">
    <p class='ocr_par' dir='ltr' id='par_1_3' title="bbox 263 447 810 486">
     <span class='ocr_line' id='line_1_7' title="bbox 263 447 810 486; baseline 0.002 -8"><span class='ocrx_word' id='word_1_21' title='bbox 263 447 434 486; x_wconf 81' lang='lat' dir='ltr'>Tamquam</span> <span class='ocrx_word' id='word_1_22' title='bbox 459 450 533 485; x_wconf 83' lang='lat' dir='ltr'>post</span> <span class='ocrx_word' id='word_1_23' title='bbox 555 449 680 478; x_wconf 89' lang='lat' dir='ltr'>noctem</span> <span class='ocrx_word' id='word_1_24' title='bbox 706 448 810 479; x_wconf 86' lang='lat' dir='ltr'>oneris</span> 
     </span>
    </p>
   </div>
   <div class='ocr_carea' id='block_1_4' title="bbox 310 493 823 527">
    <p class='ocr_par' dir='ltr' id='par_1_4' title="bbox 310 493 823 527">
     <span class='ocr_line' id='line_1_8' title="bbox 310 493 823 527; baseline 0.004 -3"><span class='ocrx_word' id='word_1_25' title='bbox 310 493 396 525; x_wconf 83' lang='lat' dir='ltr'>Jam</span> <span class='ocrx_word' id='word_1_26' title='bbox 420 493 533 524; x_wconf 84' lang='lat' dir='ltr'>lucis</span> <span class='ocrx_word' id='word_1_27' title='bbox 557 495 650 525; x_wconf 83' lang='lat' dir='ltr'>orto</span> <span class='ocrx_word' id='word_1_28' title='bbox 667 494 823 527; x_wconf 82' lang='lat' dir='ltr'>sidere.</span> 
     </span>
    </p>
   </div>
   <div class='ocr_carea' id='block_1_5' title="bbox 207 577 754 844">
    <p class='ocr_par' dir='ltr' id='par_1_5' title="bbox 207 577 754 844">
     <span class='ocr_line' id='line_1_9' title="bbox 207 577 602 611; baseline -0.003 -2"><span class='ocrx_word' id='word_1_29' title='bbox 207 579 240 611; x_wconf 75' lang='lat'>4.</span> <span class='ocrx_word' id='word_1_30' title='bbox 265 577 418 610; x_wconf 74' lang='lat' dir='ltr'>Refloruit</span> <span class='ocrx_word' id='word_1_31' title='bbox 441 580 478 608; x_wconf 71' lang='lat' dir='ltr'>ut</span> <span class='ocrx_word' id='word_1_32' title='bbox 498 577 602 608; x_wconf 84' lang='lat' dir='ltr'>lilium</span> 
     </span>
     <span class='ocr_line' id='line_1_10' title="bbox 317 622 707 665; baseline -0.005 -8"><span class='ocrx_word' id='word_1_33' title='bbox 317 625 397 658; x_wconf 80' lang='lat' dir='ltr'>Caro</span> <span class='ocrx_word' id='word_1_34' title='bbox 422 624 559 663; x_wconf 83' lang='lat' dir='ltr'>pastoris</span> <span class='ocrx_word' id='word_1_35' title='bbox 583 622 707 665; x_wconf 83' lang='lat' dir='ltr'>fulgidi,</span> 
     </span>
     <span class='ocr_line' id='line_1_11' title="bbox 265 671 728 711; baseline -0.004 -7"><span class='ocrx_word' id='word_1_36' title='bbox 265 673 349 705; x_wconf 81' lang='lat' dir='ltr'>Grex</span> <span class='ocrx_word' id='word_1_37' title='bbox 373 671 507 711; x_wconf 78' lang='lat' dir='ltr'>plaudat,</span> <span class='ocrx_word' id='word_1_38' title='bbox 532 672 599 710; x_wconf 77' lang='lat' dir='ltr'>eJ&#39;us</span> <span class='ocrx_word' id='word_1_39' title='bbox 625 671 728 703; x_wconf 90' lang='lat' dir='ltr'>ovium</span> 
     </span>
     <span class='ocr_line' id='line_1_12' title="bbox 308 717 754 760; baseline 0.002 -10"><span class='ocrx_word' id='word_1_40' title='bbox 308 718 353 750; x_wconf 85' lang='lat' dir='ltr'>Et</span> <span class='ocrx_word' id='word_1_41' title='bbox 380 720 605 751; x_wconf 87' lang='lat' dir='ltr'>convertuntur</span> <span class='ocrx_word' id='word_1_42' title='bbox 628 717 754 760; x_wconf 88' lang='lat' dir='ltr'>perfidi,</span> 
     </span>
     <span class='ocr_line' id='line_1_13' title="bbox 310 765 723 806; baseline -0.002 -9"><span class='ocrx_word' id='word_1_43' title='bbox 310 765 441 797; x_wconf 77' lang='lat' dir='ltr'>Revixit</span> <span class='ocrx_word' id='word_1_44' title='bbox 460 765 587 804; x_wconf 72' lang='lat' dir='ltr'>junctus</span> <span class='ocrx_word' id='word_1_45' title='bbox 610 765 723 806; x_wconf 86' lang='lat' dir='ltr'>lapidi,</span> 
     </span>
     <span class='ocr_line' id='line_1_14' title="bbox 265 811 738 844; baseline -0.002 0"><span class='ocrx_word' id='word_1_46' title='bbox 265 811 315 843; x_wconf 72' lang='lat' dir='ltr'>Sit</span> <span class='ocrx_word' id='word_1_47' title='bbox 340 822 399 844; x_wconf 88' lang='lat' dir='ltr'>vox</span> <span class='ocrx_word' id='word_1_48' title='bbox 423 812 575 843; x_wconf 90' lang='lat' dir='ltr'>melorum</span> <span class='ocrx_word' id='word_1_49' title='bbox 602 812 738 843; x_wconf 83' lang='lat' dir='ltr'>dulcium</span> 
     </span>
    </p>
   </div>
   <div class='ocr_carea' id='block_1_6' title="bbox 311 859 822 899">
    <p class='ocr_par' dir='ltr' id='par_1_6' title="bbox 311 859 822 899">
     <span class='ocr_line' id='line_1_15' title="bbox 311 859 822 899; baseline -0.002 -8"><span class='ocrx_word' id='word_1_50' title='bbox 311 860 369 891; x_wconf 85' lang='lat' dir='ltr'>Ad</span> <span class='ocrx_word' id='word_1_51' title='bbox 405 867 571 890; x_wconf 89' lang='lat' dir='ltr'>coenam</span> <span class='ocrx_word' id='word_1_52' title='bbox 604 859 700 898; x_wconf 85' lang='lat' dir='ltr'>agni</span> <span class='ocrx_word' id='word_1_53' title='bbox 724 867 822 899; x_wconf 89' lang='lat' dir='ltr'>pro-</span> 
     </span>
    </p>
   </div>
   <div class='ocr_carea' id='block_1_7' title="bbox 597 905 697 937">
    <p class='ocr_par' dir='ltr' id='par_1_7' title="bbox 597 905 697 937">
     <span class='ocr_line' id='line_1_16' title="bbox 597 905 697 937; baseline 0 0"><span class='ocrx_word' id='word_1_54' title='bbox 597 905 697 937; x_wconf 88' lang='lat' dir='ltr'>vidi.</span> 
     </span>
    </p>
   </div>
   <div class='ocr_carea' id='block_1_8' title="bbox 906 211 1337 255">
    <p class='ocr_par' dir='ltr' id='par_1_8' title="bbox 906 211 1337 255">
     <span class='ocr_line' id='line_1_17' title="bbox 906 211 1337 255; baseline 0 -8"><span class='ocrx_word' id='word_1_55' title='bbox 906 238 914 247; x_wconf 91' lang='lat'><strong>.</strong></span> <span class='ocrx_word' id='word_1_56' title='bbox 939 211 1092 246; x_wconf 76' lang='lat' dir='ltr'>Declarat</span> <span class='ocrx_word' id='word_1_57' title='bbox 1115 222 1150 246; x_wconf 92' lang='lat' dir='ltr'>se</span> <span class='ocrx_word' id='word_1_58' title='bbox 1175 212 1337 255; x_wconf 82' lang='lat' dir='ltr'>discipulis</span> 
     </span>
    </p>
   </div>
   <div class='ocr_carea' id='block_1_9' title="bbox 940 260 1503 528">
    <p class='ocr_par' dir='ltr' id='par_1_9' title="bbox 941 260 1413 348">
     <span class='ocr_line' id='line_1_18' title="bbox 989 260 1413 301; baseline 0.005 -10"><span class='ocrx_word' id='word_1_59' title='bbox 989 260 1083 292; x_wconf 90' lang='lat' dir='ltr'>Pulso</span> <span class='ocrx_word' id='word_1_60' title='bbox 1110 260 1250 294; x_wconf 84' lang='lat' dir='ltr'>dolorum</span> <span class='ocrx_word' id='word_1_61' title='bbox 1276 262 1413 301; x_wconf 83' lang='lat' dir='ltr'>turbine,</span> 
     </span>
     <span class='ocr_line' id='line_1_19' title="bbox 941 307 1372 348; baseline -0.002 -8"><span class='ocrx_word' id='word_1_62' title='bbox 941 308 1004 340; x_wconf 84' lang='lat' dir='ltr'>Gor</span> <span class='ocrx_word' id='word_1_63' title='bbox 1028 307 1107 338; x_wconf 83' lang='lat' dir='ltr'>lenit</span> <span class='ocrx_word' id='word_1_64' title='bbox 1128 308 1161 338; x_wconf 90' lang='lat' dir='ltr'>in</span> <span class='ocrx_word' id='word_1_65' title='bbox 1187 308 1244 339; x_wconf 87' lang='lat' dir='ltr'>sub</span> <span class='ocrx_word' id='word_1_66' title='bbox 1270 309 1372 348; x_wconf 87' lang='lat' dir='ltr'>epulis</span> 
     </span>
    </p>

    <p class='ocr_par' dir='ltr' id='par_1_10' title="bbox 986 353 1382 395">
     <span class='ocr_line' id='line_1_20' title="bbox 986 353 1382 395; baseline 0.005 -10"><span class='ocrx_word' id='word_1_67' title='bbox 986 353 1032 385; x_wconf 80' lang='lat' dir='ltr'>Et</span> <span class='ocrx_word' id='word_1_68' title='bbox 1055 353 1197 393; x_wconf 84' lang='lat' dir='ltr'>corporis</span> <span class='ocrx_word' id='word_1_69' title='bbox 1221 354 1382 395; x_wconf 86' lang='lat' dir='ltr'>indagine,</span> 
     </span>
    </p>

    <p class='ocr_par' dir='ltr' id='par_1_11' title="bbox 940 400 1503 486">
     <span class='ocr_line' id='line_1_21' title="bbox 987 400 1503 443; baseline 0.004 -12"><span class='ocrx_word' id='word_1_70' title='bbox 987 400 1076 439; x_wconf 79' lang='lat' dir='ltr'>Quod</span> <span class='ocrx_word' id='word_1_71' title='bbox 1105 404 1282 439; x_wconf 84' lang='lat' dir='ltr'><strong>sumpserat</strong></span> <span class='ocrx_word' id='word_1_72' title='bbox 1309 402 1349 433; x_wconf 87' lang='lat' dir='ltr'>de</span> <span class='ocrx_word' id='word_1_73' title='bbox 1371 402 1503 443; x_wconf 85' lang='lat' dir='ltr'>virgine,</span> 
     </span>
     <span class='ocr_line' id='line_1_22' title="bbox 940 447 1385 486; baseline 0.002 -8"><span class='ocrx_word' id='word_1_74' title='bbox 940 447 1094 486; x_wconf 82' lang='lat' dir='ltr'>Princeps</span> <span class='ocrx_word' id='word_1_75' title='bbox 1120 454 1258 479; x_wconf 86' lang='lat' dir='ltr'>occasus·</span> <span class='ocrx_word' id='word_1_76' title='bbox 1273 448 1385 480; x_wconf 89' lang='lat' dir='ltr'>insulis</span> 
     </span>
    </p>

    <p class='ocr_par' dir='ltr' id='par_1_12' title="bbox 987 494 1501 528">
     <span class='ocr_line' id='line_1_23' title="bbox 987 494 1501 528; baseline 0.006 -4"><span class='ocrx_word' id='word_1_77' title='bbox 987 494 1017 524; x_wconf 90' lang='lat' dir='ltr'>A</span> <span class='ocrx_word' id='word_1_78' title='bbox 1042 494 1150 525; x_wconf 90' lang='lat' dir='ltr'>solis</span> <span class='ocrx_word' id='word_1_79' title='bbox 1175 497 1294 526; x_wconf 88' lang='lat' dir='ltr'>ortus</span> <span class='ocrx_word' id='word_1_80' title='bbox 1313 495 1501 528; x_wconf 84' lang='lat' dir='ltr'>cardine.</span> 
     </span>
    </p>
   </div>
   <div class='ocr_carea' id='block_1_10' title="bbox 883 578 1381 617">
    <p class='ocr_par' dir='ltr' id='par_1_13' title="bbox 883 578 1381 617">
     <span class='ocr_line' id='line_1_24' title="bbox 883 578 1381 617; baseline 0.002 -7"><span class='ocrx_word' id='word_1_81' title='bbox 883 579 916 610; x_wconf 88' lang='grc'>6.</span> <span class='ocrx_word' id='word_1_82' title='bbox 942 578 1097 617; x_wconf 72' lang='lat' dir='ltr'>Surgente</span> <span class='ocrx_word' id='word_1_83' title='bbox 1119 578 1229 610; x_wconf 84' lang='lat' dir='ltr'>mundi</span> <span class='ocrx_word' id='word_1_84' title='bbox 1255 579 1381 611; x_wconf 80' lang='lat' dir='ltr'>domino</span> 
     </span>
    </p>
   </div>
   <div class='ocr_carea' id='block_1_11' title="bbox 940 623 1503 941">
    <p class='ocr_par' dir='ltr' id='par_1_14' title="bbox 940 623 1503 941">
     <span class='ocr_line' id='line_1_25' title="bbox 989 623 1441 665; baseline 0.007 -11"><span class='ocrx_word' id='word_1_85' title='bbox 989 623 1045 656; x_wconf 78' lang='lat' dir='ltr'>Fit</span> <span class='ocrx_word' id='word_1_86' title='bbox 1067 634 1177 658; x_wconf 86' lang='lat' dir='ltr'>recens</span> <span class='ocrx_word' id='word_1_87' title='bbox 1202 634 1306 657; x_wconf 89' lang='lat' dir='ltr'>rerum</span> <span class='ocrx_word' id='word_1_88' title='bbox 1333 627 1441 665; x_wconf 84' lang='lat' dir='ltr'>series,</span> 
     </span>
     <span class='ocr_line' id='line_1_26' title="bbox 941 672 1375 712; baseline 0 -8"><span class='ocrx_word' id='word_1_89' title='bbox 941 672 1078 711; x_wconf 88' lang='lat' dir='ltr'>Dempto</span> <span class='ocrx_word' id='word_1_90' title='bbox 1102 679 1217 712; x_wconf 86' lang='lat' dir='ltr'>sopore</span> <span class='ocrx_word' id='word_1_91' title='bbox 1240 673 1375 712; x_wconf 81' lang='lat' dir='ltr'>pristino</span> 
     </span>
     <span class='ocr_line' id='line_1_27' title="bbox 988 718 1397 759; baseline 0.002 -9"><span class='ocrx_word' id='word_1_92' title='bbox 988 718 1138 751; x_wconf 84' lang='lat' dir='ltr'>Pubescit</span> <span class='ocrx_word' id='word_1_93' title='bbox 1161 722 1266 751; x_wconf 85' lang='lat' dir='ltr'>terrac</span> <span class='ocrx_word' id='word_1_94' title='bbox 1290 719 1397 759; x_wconf 86' lang='lat' dir='ltr'>facies,</span> 
     </span>
     <span class='ocr_line' id='line_1_28' title="bbox 988 766 1354 806; baseline 0.003 -9"><span class='ocrx_word' id='word_1_95' title='bbox 988 766 1123 798; x_wconf 72' lang='lat' dir='ltr'>Arridet</span> <span class='ocrx_word' id='word_1_96' title='bbox 1146 775 1208 798; x_wconf 85' lang='lat' dir='ltr'>una</span> <span class='ocrx_word' id='word_1_97' title='bbox 1231 768 1354 806; x_wconf 84' lang='lat' dir='ltr'>species</span> 
     </span>
     <span class='ocr_line' id='line_1_29' title="bbox 940 812 1330 852; baseline 0.003 -7"><span class='ocrx_word' id='word_1_98' title='bbox 940 812 1013 845; x_wconf 85' lang='lat' dir='ltr'>Tibi</span> <span class='ocrx_word' id='word_1_99' title='bbox 1042 813 1161 845; x_wconf 83' lang='lat' dir='ltr'>carenti</span> <span class='ocrx_word' id='word_1_100' title='bbox 1186 814 1330 852; x_wconf 84' lang='lat' dir='ltr'>termino,</span> 
     </span>
     <span class='ocr_line' id='line_1_30' title="bbox 987 859 1503 899; baseline 0.004 -9"><span class='ocrx_word' id='word_1_101' title='bbox 987 859 1133 891; x_wconf 85' lang='lat' dir='ltr'>Christ</span> <span class='ocrx_word' id='word_1_102' title='bbox 1148 868 1178 890; x_wconf 67' lang='lat' dir='ltr'>e⁴</span> <span class='ocrx_word' id='word_1_103' title='bbox 1210 861 1277 899; x_wconf 86' lang='lat' dir='ltr'>qui</span> <span class='ocrx_word' id='word_1_104' title='bbox 1302 861 1372 892; x_wconf 85' lang='lat' dir='ltr'>lux</span> <span class='ocrx_word' id='word_1_105' title='bbox 1397 869 1438 892; x_wconf 90' lang='lat' dir='ltr'>es</span> <span class='ocrx_word' id='word_1_106' title='bbox 1464 864 1503 892; x_wconf 78' lang='lat' dir='ltr'>et</span> 
     </span>
     <span class='ocr_line' id='line_1_31' title="bbox 1275 908 1377 941; baseline 0.02 -2"><span class='ocrx_word' id='word_1_107' title='bbox 1275 908 1377 941; x_wconf 79' lang='lat' dir='ltr'>dieS.</span> 
     </span>
    </p>
   </div>
   <div class='ocr_carea' id='block_1_12' title="bbox 514 1000 1158 1322">
    <p class='ocr_par' dir='ltr' id='par_1_15' title="bbox 514 1000 1158 1322">
     <span class='ocr_line' id='line_1_32' title="bbox 514 1000 949 1039; baseline 0 -7"><span class='ocrx_word' id='word_1_108' title='bbox 514 1001 544 1033; x_wconf 81' lang='lat'>¹7.</span> <span class='ocrx_word' id='word_1_109' title='bbox 572 1000 654 1032; x_wconf 79' lang='lat' dir='ltr'>Lota</span> <span class='ocrx_word' id='word_1_110' title='bbox 677 1000 800 1039; x_wconf 87' lang='lat' dir='ltr'>peccati</span> <span class='ocrx_word' id='word_1_111' title='bbox 824 1001 949 1032; x_wconf 83' lang='lat' dir='ltr'>macula</span> 
     </span>
     <span class='ocr_line' id='line_1_33' title="bbox 618 1046 1060 1087; baseline 0 -9"><span class='ocrx_word' id='word_1_112' title='bbox 618 1046 754 1078; x_wconf 88' lang='lat' dir='ltr'>Conetur</span> <span class='ocrx_word' id='word_1_113' title='bbox 779 1047 910 1086; x_wconf 87' lang='lat' dir='ltr'>quisque</span> <span class='ocrx_word' id='word_1_114' title='bbox 934 1047 1060 1087; x_wconf 87' lang='lat' dir='ltr'>penitus</span> 
     </span>
     <span class='ocr_line' id='line_1_34' title="bbox 567 1092 976 1133; baseline 0.002 -8"><span class='ocrx_word' id='word_1_115' title='bbox 567 1092 638 1125; x_wconf 81' lang='lat' dir='ltr'>Hac</span> <span class='ocrx_word' id='word_1_116' title='bbox 661 1093 807 1126; x_wconf 85' lang='lat' dir='ltr'>renovari</span> <span class='ocrx_word' id='word_1_117' title='bbox 831 1092 976 1133; x_wconf 88' lang='lat' dir='ltr'>formula,</span> 
     </span>
     <span class='ocr_line' id='line_1_35' title="bbox 615 1139 1013 1181; baseline 0 -10"><span class='ocrx_word' id='word_1_118' title='bbox 615 1139 686 1172; x_wconf 81' lang='lat' dir='ltr'>Nec</span> <span class='ocrx_word' id='word_1_119' title='bbox 710 1140 873 1172; x_wconf 75' lang='lat' dir='ltr'>differamr</span> <span class='ocrx_word' id='word_1_120' title='bbox 897 1141 1013 1181; x_wconf 75' lang='lat' dir='ltr'>aditus,</span> 
     </span>
     <span class='ocr_line' id='line_1_36' title="bbox 618 1186 1124 1228; baseline 0.002 -9"><span class='ocrx_word' id='word_1_121' title='bbox 618 1186 664 1219; x_wconf 77' lang='lat' dir='ltr'>Ut</span> <span class='ocrx_word' id='word_1_122' title='bbox 688 1188 743 1219; x_wconf 86' lang='lat' dir='ltr'>des</span> <span class='ocrx_word' id='word_1_123' title='bbox 767 1187 820 1219; x_wconf 89' lang='lat' dir='ltr'>hic</span> <span class='ocrx_word' id='word_1_124' title='bbox 842 1196 967 1228; x_wconf 88' lang='lat' dir='ltr'>manna,</span> <span class='ocrx_word' id='word_1_125' title='bbox 994 1188 1124 1220; x_wconf 85' lang='lat' dir='ltr'>coelitus</span> 
     </span>
     <span class='ocr_line' id='line_1_37' title="bbox 569 1234 1066 1267; baseline 0.002 -2"><span class='ocrx_word' id='word_1_126' title='bbox 569 1234 623 1266; x_wconf 84' lang='lat' dir='ltr'>Ad</span> <span class='ocrx_word' id='word_1_127' title='bbox 649 1237 777 1266; x_wconf 86' lang='lat' dir='ltr'>nostrae</span> <span class='ocrx_word' id='word_1_128' title='bbox 800 1235 914 1266; x_wconf 84' lang='lat' dir='ltr'>mentis</span> <span class='ocrx_word' id='word_1_129' title='bbox 938 1235 1066 1267; x_wconf 81' lang='lat' dir='ltr'>vascula</span> 
     </span>
     <span class='ocr_line' id='line_1_38' title="bbox 615 1280 1158 1322; baseline 0.004 -9"><span class='ocrx_word' id='word_1_130' title='bbox 615 1280 739 1321; x_wconf 83' lang='lat' dir='ltr'>Veni,</span> <span class='ocrx_word' id='word_1_131' title='bbox 765 1284 936 1314; x_wconf 84' lang='lat' dir='ltr'>creator</span> <span class='ocrx_word' id='word_1_132' title='bbox 959 1282 1158 1322; x_wconf 74' lang='lat' dir='ltr'>spiritus,</span> 
     </span>
    </p>
   </div>
   <div class='ocr_carea' id='block_1_13' title="bbox 284 1371 1329 1408">
    <p class='ocr_par' dir='ltr' id='par_1_16' title="bbox 284 1371 1329 1408">
     <span class='ocr_line' id='line_1_39' title="bbox 284 1371 1329 1408; baseline 0.004 -9"><span class='ocrx_word' id='word_1_133' title='bbox 284 1372 353 1400; x_wconf 83' lang='lat' dir='ltr'>Cod.</span> <span class='ocrx_word' id='word_1_134' title='bbox 373 1374 492 1401; x_wconf 65' lang='lat' dir='ltr'>Troeen.</span> <span class='ocrx_word' id='word_1_135' title='bbox 512 1371 561 1408; x_wconf 91' lang='grc'>(01.</span> <span class='ocrx_word' id='word_1_136' title='bbox 582 1371 805 1407; x_wconf 72' lang='lat' dir='ltr'>Claraevallcn.)</span> <span class='ocrx_word' id='word_1_137' title='bbox 828 1371 891 1401; x_wconf 83' lang='lat'>990.</span> <span class='ocrx_word' id='word_1_138' title='bbox 913 1381 987 1402; x_wconf 66' lang='lat' dir='ltr'>saec.</span> <span class='ocrx_word' id='word_1_139' title='bbox 1011 1371 1054 1400; x_wconf 80' lang='lat'>12.</span> <span class='ocrx_word' id='word_1_140' title='bbox 1075 1374 1139 1401; x_wconf 83' lang='lat' dir='ltr'>add.</span> <span class='ocrx_word' id='word_1_141' title='bbox 1159 1381 1234 1401; x_wconf 85' lang='lat' dir='ltr'>saec.</span> <span class='ocrx_word' id='word_1_142' title='bbox 1255 1372 1329 1403; x_wconf 76' lang='lat' dir='ltr'>¹2l13.</span> 
     </span>
    </p>
   </div>
   <div class='ocr_carea' id='block_1_14' title="bbox 206 1635 775 1857">
    <p class='ocr_par' dir='ltr' id='par_1_17' title="bbox 206 1635 775 1817">
     <span class='ocr_line' id='line_1_40' title="bbox 206 1635 734 1675; baseline -0.006 -5"><span class='ocrx_word' id='word_1_143' title='bbox 206 1638 237 1670; x_wconf 87' lang='lat'>1.</span> <span class='ocrx_word' id='word_1_144' title='bbox 264 1638 338 1670; x_wconf 89' lang='lat' dir='ltr'>Cum</span> <span class='ocrx_word' id='word_1_145' title='bbox 366 1646 422 1668; x_wconf 81' lang='lat' dir='ltr'>rex</span> <span class='ocrx_word' id='word_1_146' title='bbox 447 1635 590 1668; x_wconf 85' lang='lat' dir='ltr'>Christus</span> <span class='ocrx_word' id='word_1_147' title='bbox 615 1636 734 1675; x_wconf 85' lang='lat' dir='ltr'>gloriae</span> 
     </span>
     <span class='ocr_line' id='line_1_41' title="bbox 265 1683 775 1724; baseline -0.002 -9"><span class='ocrx_word' id='word_1_148' title='bbox 265 1683 435 1715; x_wconf 85' lang='lat' dir='ltr'>Gehennae</span> <span class='ocrx_word' id='word_1_149' title='bbox 459 1683 596 1715; x_wconf 82' lang='lat' dir='ltr'>claustra</span> <span class='ocrx_word' id='word_1_150' title='bbox 619 1686 725 1722; x_wconf 72' lang='lat' dir='ltr'>penem</span> <span class='ocrx_word' id='word_1_151' title='bbox 733 1685 775 1724; x_wconf 82' lang='lat' dir='ltr'>at,</span> 
     </span>
     <span class='ocr_line' id='line_1_42' title="bbox 265 1730 686 1770; baseline -0.005 -7"><span class='ocrx_word' id='word_1_152' title='bbox 265 1732 397 1764; x_wconf 78' lang='lat' dir='ltr'>sanctos</span> <span class='ocrx_word' id='word_1_153' title='bbox 421 1738 492 1761; x_wconf 89' lang='lat' dir='ltr'>suos</span> <span class='ocrx_word' id='word_1_154' title='bbox 517 1730 686 1770; x_wconf 84' lang='lat' dir='ltr'>redimens,</span> 
     </span>
     <span class='ocr_line' id='line_1_43' title="bbox 265 1776 655 1817; baseline 0 -9"><span class='ocrx_word' id='word_1_155' title='bbox 265 1778 374 1809; x_wconf 71' lang='lat' dir='ltr'>chtor</span> <span class='ocrx_word' id='word_1_156' title='bbox 401 1776 476 1809; x_wconf 88' lang='lat' dir='ltr'>inde</span> <span class='ocrx_word' id='word_1_157' title='bbox 501 1785 655 1817; x_wconf 84' lang='lat' dir='ltr'>remeans,</span> 
     </span>
    </p>

    <p class='ocr_par' dir='ltr' id='par_1_18' title="bbox 264 1824 695 1857">
     <span class='ocr_line' id='line_1_44' title="bbox 264 1824 695 1857; baseline 0 -1"><span class='ocrx_word' id='word_1_158' title='bbox 264 1824 356 1856; x_wconf 86' lang='lat' dir='ltr'>Diem</span> <span class='ocrx_word' id='word_1_159' title='bbox 379 1824 474 1856; x_wconf 80' lang='lat' dir='ltr'>istam</span> <span class='ocrx_word' id='word_1_160' title='bbox 499 1832 695 1857; x_wconf 76' lang='lat' dir='ltr'>consecrans,</span> 
     </span>
    </p>
   </div>
   <div class='ocr_carea' id='block_1_15' title="bbox 207 1910 798 2138">
    <p class='ocr_par' dir='ltr' id='par_1_19' title="bbox 207 1910 698 2090">
     <span class='ocr_line' id='line_1_45' title="bbox 207 1910 633 1950; baseline -0.009 -6"><span class='ocrx_word' id='word_1_161' title='bbox 207 1914 239 1944; x_wconf 79' lang='grc'>2.</span> <span class='ocrx_word' id='word_1_162' title='bbox 264 1910 459 1950; x_wconf 83' lang='lat' dir='ltr'>Angelorum</span> <span class='ocrx_word' id='word_1_163' title='bbox 477 1910 633 1941; x_wconf 80' lang='lat' dir='ltr'>exercitus</span> 
     </span>
     <span class='ocr_line' id='line_1_46' title="bbox 263 1956 698 1997; baseline -0.005 -8"><span class='ocrx_word' id='word_1_164' title='bbox 263 1956 463 1989; x_wconf 82' lang='lat' dir='ltr'>Exsultando</span> <span class='ocrx_word' id='word_1_165' title='bbox 487 1956 698 1997; x_wconf 82' lang='lat' dir='ltr'>progreditur,</span> 
     </span>
     <span class='ocr_line' id='line_1_47' title="bbox 268 2003 659 2044; baseline -0.003 -9"><span class='ocrx_word' id='word_1_166' title='bbox 268 2005 404 2036; x_wconf 83' lang='lat' dir='ltr'>Victon&#39;s</span> <span class='ocrx_word' id='word_1_167' title='bbox 429 2003 504 2035; x_wconf 87' lang='lat' dir='ltr'>boni</span> <span class='ocrx_word' id='word_1_168' title='bbox 528 2003 659 2044; x_wconf 86' lang='lat' dir='ltr'>gloriam</span> 
     </span>
     <span class='ocr_line' id='line_1_48' title="bbox 263 2050 656 2090; baseline -0.003 -7"><span class='ocrx_word' id='word_1_169' title='bbox 263 2050 492 2083; x_wconf 74' lang='lat' dir='ltr'>Proclamando</span> <span class='ocrx_word' id='word_1_170' title='bbox 522 2050 656 2090; x_wconf 83' lang='lat' dir='ltr'>nuntiat,</span> 
     </span>
    </p>

    <p class='ocr_par' dir='ltr' id='par_1_20' title="bbox 265 2097 798 2138">
     <span class='ocr_line' id='line_1_49' title="bbox 265 2097 798 2138; baseline -0.002 -8"><span class='ocrx_word' id='word_1_171' title='bbox 265 2099 328 2130; x_wconf 89' lang='lat' dir='ltr'>Per</span> <span class='ocrx_word' id='word_1_172' title='bbox 352 2107 444 2138; x_wconf 83' lang='lat' dir='ltr'>quam</span> <span class='ocrx_word' id='word_1_173' title='bbox 468 2098 585 2130; x_wconf 88' lang='lat' dir='ltr'>mundo</span> <span class='ocrx_word' id='word_1_174' title='bbox 611 2097 705 2129; x_wconf 82' lang='lat' dir='ltr'>datur</span> <span class='ocrx_word' id='word_1_175' title='bbox 725 2107 798 2138; x_wconf 84' lang='lat' dir='ltr'>pax.</span> 
     </span>
    </p>
   </div>
   <div class='ocr_carea' id='block_1_16' title="bbox 208 2180 747 2409">
    <p class='ocr_par' dir='ltr' id='par_1_21' title="bbox 208 2180 747 2409">
     <span class='ocr_line' id='line_1_50' title="bbox 208 2180 735 2221; baseline -0.008 -6"><span class='ocrx_word' id='word_1_176' title='bbox 208 2185 239 2216; x_wconf 85' lang='lat'>3.</span> <span class='ocrx_word' id='word_1_177' title='bbox 266 2184 378 2215; x_wconf 83' lang='lat' dir='ltr'>Portas</span> <span class='ocrx_word' id='word_1_178' title='bbox 404 2184 535 2221; x_wconf 84' lang='lat' dir='ltr'>vestras,</span> <span class='ocrx_word' id='word_1_179' title='bbox 562 2180 735 2221; x_wconf 81' lang='lat' dir='ltr'>principes,</span> 
     </span>
     <span class='ocr_line' id='line_1_51' title="bbox 265 2228 747 2270; baseline -0.006 -9"><span class='ocrx_word' id='word_1_180' title='bbox 265 2230 334 2261; x_wconf 83' lang='lat' dir='ltr'>Rex</span> <span class='ocrx_word' id='word_1_181' title='bbox 359 2229 463 2268; x_wconf 78' lang='lat' dir='ltr'>adest,</span> <span class='ocrx_word' id='word_1_182' title='bbox 490 2228 608 2265; x_wconf 88' lang='lat' dir='ltr'>dicunt,</span> <span class='ocrx_word' id='word_1_183' title='bbox 634 2228 747 2270; x_wconf 80' lang='lat' dir='ltr'>tollite,</span> 
     </span>
     <span class='ocr_line' id='line_1_52' title="bbox 268 2276 642 2314; baseline -0.005 -8"><span class='ocrx_word' id='word_1_184' title='bbox 268 2276 414 2307; x_wconf 75' lang='lat' dir='ltr'>Introibit</span> <span class='ocrx_word' id='word_1_185' title='bbox 437 2278 550 2314; x_wconf 81' lang='lat' dir='ltr'>potens</span> <span class='ocrx_word' id='word_1_186' title='bbox 575 2282 642 2313; x_wconf 83' lang='lat' dir='ltr'>rex,</span> 
     </span>
     <span class='ocr_line' id='line_1_53' title="bbox 266 2321 704 2363; baseline -0.002 -10"><span class='ocrx_word' id='word_1_187' title='bbox 266 2322 385 2362; x_wconf 86' lang='lat' dir='ltr'>Regum</span> <span class='ocrx_word' id='word_1_188' title='bbox 407 2321 559 2354; x_wconf 90' lang='lat' dir='ltr'>Dominus</span> <span class='ocrx_word' id='word_1_189' title='bbox 582 2322 614 2352; x_wconf 77' lang='lat' dir='ltr'>et</span> <span class='ocrx_word' id='word_1_190' title='bbox 638 2329 704 2363; x_wconf 82' lang='lat' dir='ltr'>rex,</span> 
     </span>
     <span class='ocr_line' id='line_1_54' title="bbox 266 2367 685 2409; baseline -0.005 -10"><span class='ocrx_word' id='word_1_191' title='bbox 266 2368 452 2409; x_wconf 76' lang='lat' dir='ltr'>Desperatis</span> <span class='ocrx_word' id='word_1_192' title='bbox 477 2367 578 2400; x_wconf 85' lang='lat' dir='ltr'>factus</span> <span class='ocrx_word' id='word_1_193' title='bbox 603 2375 685 2407; x_wconf 88' lang='lat' dir='ltr'>spes.</span> 
     </span>
    </p>
   </div>
   <div class='ocr_carea' id='block_1_17' title="bbox 816 1541 883 1570">
    <p class='ocr_par' dir='ltr' id='par_1_22' title="bbox 816 1541 883 1570">
     <span class='ocr_line' id='line_1_55' title="bbox 816 1541 883 1570; baseline -0.015 0"><span class='ocrx_word' id='word_1_194' title='bbox 816 1541 883 1570; x_wconf 73' lang='lat'>26.</span> 
     </span>
    </p>
   </div>
   <div class='ocr_carea' id='block_1_18' title="bbox 883 1637 1317 1678">
    <p class='ocr_par' dir='ltr' id='par_1_23' title="bbox 883 1637 1317 1678">
     <span class='ocr_line' id='line_1_56' title="bbox 883 1637 1317 1678; baseline -0.002 -7"><span class='ocrx_word' id='word_1_195' title='bbox 883 1640 915 1671; x_wconf 86' lang='lat'>4.</span> <span class='ocrx_word' id='word_1_196' title='bbox 941 1637 1044 1676; x_wconf 85' lang='lat' dir='ltr'>Salve,</span> <span class='ocrx_word' id='word_1_197' title='bbox 1071 1646 1133 1669; x_wconf 83' lang='lat' dir='ltr'>nox</span> <span class='ocrx_word' id='word_1_198' title='bbox 1157 1637 1317 1678; x_wconf 85' lang='lat' dir='ltr'>optabilis,</span> 
     </span>
    </p>
   </div>
   <div class='ocr_carea' id='block_1_19' title="bbox 939 1684 1396 1865">
    <p class='ocr_par' dir='ltr' id='par_1_24' title="bbox 939 1684 1396 1865">
     <span class='ocr_line' id='line_1_57' title="bbox 940 1684 1341 1727; baseline 0.002 -11"><span class='ocrx_word' id='word_1_199' title='bbox 940 1684 1103 1716; x_wconf 81' lang='lat' dir='ltr'>Paschalis</span> <span class='ocrx_word' id='word_1_200' title='bbox 1128 1692 1191 1716; x_wconf 80' lang='lat' dir='ltr'>nox</span> <span class='ocrx_word' id='word_1_201' title='bbox 1214 1685 1341 1727; x_wconf 81' lang='lat' dir='ltr'>nobilis,</span> 
     </span>
     <span class='ocr_line' id='line_1_58' title="bbox 940 1730 1287 1771; baseline 0.006 -10"><span class='ocrx_word' id='word_1_202' title='bbox 940 1732 1026 1771; x_wconf 78' lang='lat' dir='ltr'>Quae</span> <span class='ocrx_word' id='word_1_203' title='bbox 1053 1730 1147 1763; x_wconf 82' lang='lat' dir='ltr'>beata</span> <span class='ocrx_word' id='word_1_204' title='bbox 1172 1731 1287 1763; x_wconf 88' lang='lat' dir='ltr'>diceris</span> 
     </span>
     <span class='ocr_line' id='line_1_59' title="bbox 941 1777 1280 1818; baseline -0.003 -8"><span class='ocrx_word' id='word_1_205' title='bbox 941 1777 1066 1810; x_wconf 88' lang='lat' dir='ltr'>Meritis</span> <span class='ocrx_word' id='word_1_206' title='bbox 1089 1778 1280 1818; x_wconf 83' lang='lat' dir='ltr'>praecipuis,</span> 
     </span>
     <span class='ocr_line' id='line_1_60' title="bbox 939 1824 1396 1865; baseline -0.004 -7"><span class='ocrx_word' id='word_1_207' title='bbox 939 1824 1083 1858; x_wconf 84' lang='lat' dir='ltr'>Christus</span> <span class='ocrx_word' id='word_1_208' title='bbox 1107 1825 1141 1856; x_wconf 90' lang='lat' dir='ltr'>in</span> <span class='ocrx_word' id='word_1_209' title='bbox 1165 1834 1227 1865; x_wconf 83' lang='lat' dir='ltr'>qua</span> <span class='ocrx_word' id='word_1_210' title='bbox 1250 1825 1396 1858; x_wconf 81' lang='lat' dir='ltr'>surrexit.</span> 
     </span>
    </p>
   </div>
   <div class='ocr_carea' id='block_1_20' title="bbox 908 1909 1363 1952">
    <p class='ocr_par' dir='ltr' id='par_1_25' title="bbox 908 1909 1363 1952">
     <span class='ocr_line' id='line_1_61' title="bbox 908 1909 1363 1952; baseline 0.002 -10"><span class='ocrx_word' id='word_1_211' title='bbox 908 1935 916 1942; x_wconf 92' lang='lat'><strong>.</strong></span> <span class='ocrx_word' id='word_1_212' title='bbox 943 1909 1069 1942; x_wconf 78' lang='lat' dir='ltr'>Gaudet</span> <span class='ocrx_word' id='word_1_213' title='bbox 1092 1910 1192 1942; x_wconf 87' lang='lat' dir='ltr'>solum</span> <span class='ocrx_word' id='word_1_214' title='bbox 1217 1910 1278 1942; x_wconf 88' lang='lat' dir='ltr'>hac</span> <span class='ocrx_word' id='word_1_215' title='bbox 1303 1911 1363 1952; x_wconf 86' lang='lat' dir='ltr'>die,</span> 
     </span>
    </p>
   </div>
   <div class='ocr_carea' id='block_1_21' title="bbox 942 1957 1408 2086">
    <p class='ocr_par' dir='ltr' id='par_1_26' title="bbox 942 1957 1408 2086">
     <span class='ocr_line' id='line_1_62' title="bbox 943 1957 1408 1998; baseline 0.004 -11"><span class='ocrx_word' id='word_1_216' title='bbox 943 1958 1010 1995; x_wconf 64' lang='lat' dir='ltr'>Qua</span> <span class='ocrx_word' id='word_1_217' title='bbox 1033 1957 1134 1997; x_wconf 85' lang='lat' dir='ltr'>surgit</span> <span class='ocrx_word' id='word_1_218' title='bbox 1158 1957 1261 1989; x_wconf 84' lang='lat' dir='ltr'>victor</span> <span class='ocrx_word' id='word_1_219' title='bbox 1284 1958 1408 1998; x_wconf 81' lang='lat' dir='ltr'>gratiae</span> 
     </span>
     <span class='ocr_line' id='line_1_63' title="bbox 943 2004 1371 2047; baseline 0 -11"><span class='ocrx_word' id='word_1_220' title='bbox 943 2004 1071 2036; x_wconf 85' lang='lat' dir='ltr'>Coelurn</span> <span class='ocrx_word' id='word_1_221' title='bbox 1095 2005 1222 2044; x_wconf 83' lang='lat' dir='ltr'>replens</span> <span class='ocrx_word' id='word_1_222' title='bbox 1247 2005 1371 2047; x_wconf 86' lang='lat' dir='ltr'>gaudio,</span> 
     </span>
     <span class='ocr_line' id='line_1_64' title="bbox 942 2051 1258 2086; baseline 0 -3"><span class='ocrx_word' id='word_1_223' title='bbox 942 2051 1109 2083; x_wconf 84' lang='lat' dir='ltr'>Hominem</span> <span class='ocrx_word' id='word_1_224' title='bbox 1134 2051 1258 2086; x_wconf 71' lang='lat' dir='ltr'>solatio.</span> 
     </span>
    </p>
   </div>
   <div class='ocr_carea' id='block_1_22' title="bbox 948 2126 1422 2135">
    <p class='ocr_par' dir='ltr' id='par_1_27' title="bbox 948 2126 1422 2135">
     <span class='ocr_line' id='line_1_65' title="bbox 948 2126 1422 2135; baseline 0 0"><span class='ocrx_word' id='word_1_225' title='bbox 948 2126 1422 2135; x_wconf 51' lang='grc' dir='ltr'>ιιιιιιιιι</span> 
     </span>
    </p>
   </div>
   <div class='ocr_carea' id='block_1_23' title="bbox 895 2181 1410 2222">
    <p class='ocr_par' dir='ltr' id='par_1_28' title="bbox 895 2181 1410 2222">
     <span class='ocr_line' id='line_1_66' title="bbox 895 2181 1410 2222; baseline -0.006 -6"><span class='ocrx_word' id='word_1_226' title='bbox 895 2183 918 2216; x_wconf 63' lang='grc'>”.</span> <span class='ocrx_word' id='word_1_227' title='bbox 946 2181 1099 2222; x_wconf 85' lang='lat' dir='ltr'>Christus,</span> <span class='ocrx_word' id='word_1_228' title='bbox 1125 2182 1210 2215; x_wconf 87' lang='lat' dir='ltr'>salus</span> <span class='ocrx_word' id='word_1_229' title='bbox 1235 2183 1410 2222; x_wconf 89' lang='lat' dir='ltr'>humilium,</span> 
     </span>
    </p>
   </div>
   <div class='ocr_carea' id='block_1_24' title="bbox 942 2228 1466 2402">
    <p class='ocr_par' dir='ltr' id='par_1_29' title="bbox 942 2228 1466 2402">
     <span class='ocr_line' id='line_1_67' title="bbox 944 2228 1466 2274; baseline 0.002 -14"><span class='ocrx_word' id='word_1_230' title='bbox 944 2228 1071 2260; x_wconf 77' lang='lat' dir='ltr'>Devicit,</span> <span class='ocrx_word' id='word_1_231' title='bbox 1094 2229 1216 2261; x_wconf 86' lang='lat' dir='ltr'>hostem</span> <span class='ocrx_word' id='word_1_232' title='bbox 1241 2229 1466 2274; x_wconf 84' lang='lat' dir='ltr'>saevissimum,</span> 
     </span>
     <span class='ocr_line' id='line_1_68' title="bbox 944 2276 1370 2315; baseline 0 -8"><span class='ocrx_word' id='word_1_233' title='bbox 944 2276 1086 2314; x_wconf 78' lang='lat' dir='ltr'>Regnum</span> <span class='ocrx_word' id='word_1_234' title='bbox 1112 2277 1179 2315; x_wconf 83' lang='lat' dir='ltr'>ejus</span> <span class='ocrx_word' id='word_1_235' title='bbox 1205 2276 1370 2307; x_wconf 80' lang='lat' dir='ltr'>destruens</span> 
     </span>
     <span class='ocr_line' id='line_1_69' title="bbox 942 2322 1344 2362; baseline 0.005 -10"><span class='ocrx_word' id='word_1_236' title='bbox 942 2322 1171 2362; x_wconf 85' lang='lat' dir='ltr'>Hominemque</span> <span class='ocrx_word' id='word_1_237' title='bbox 1193 2322 1344 2362; x_wconf 87' lang='lat' dir='ltr'>liberans,</span> 
     </span>
     <span class='ocr_line' id='line_1_70' title="bbox 944 2368 1310 2402; baseline 0.003 -1"><span class='ocrx_word' id='word_1_238' title='bbox 944 2368 1130 2401; x_wconf 82' lang='lat' dir='ltr'>Paradisum</span> <span class='ocrx_word' id='word_1_239' title='bbox 1155 2377 1310 2402; x_wconf 79' lang='lat' dir='ltr'>reserans.</span> 
     </span>
    </p>
   </div>
  </div>
 </body>
</html>
