1653 2564
194 199 237 233 10
248 210 277 234 a.
292 199 356 233 Cur
378 202 548 235 mundatus

324 257 345 279 a
367 249 460 289 lepra
483 251 627 291 eorporis

275 294 357 327 Mihi
380 296 524 329 morbum

319 345 427 376 sanari
450 346 589 384 pectoris

367 391 580 432 Indignatur?

191 464 272 500 11a.
299 466 411 506 Aequo
435 467 603 500 libramine

298 513 414 545 Penset
437 523 508 546 oum
534 515 665 547 crimine

347 561 542 593 Poenitentis
571 565 698 604 votum3

187 635 229 668 12
240 646 268 668 a.
297 636 444 669 Vulneris
469 637 671 670 immodicum

343 683 451 716 Sentio
478 684 629 724 dolorem,

294 731 402 771 Aegra
427 740 543 772 quaero
568 732 734 775 medicum,

343 778 412 811 Rea
435 779 636 813 salvatorem.

186 853 228 887 13
240 864 269 887 a.
294 856 382 894 Jesu‚
410 854 483 887 fave
507 855 644 896 supplici

340 901 422 934 Voto
448 903 649 943 poenitentis,

297 948 367 981 Nee
391 958 441 981 me
466 949 551 982 sinas
575 948 661 982 affici

341 996 455 1029 Poenis
479 997 513 1028 in
536 998 711 1032 tormentis.

183 1072 266 1106 14a.
292 1073 381 1106 Pelle
405 1075 532 1113 metum,

294 1120 386 1153 Tolle
410 1121 519 1160 letum,

291 1168 395 1208 Terge
417 1166 526 1199 fletum

342 1215 490 1247 Placatus
514 1214 673 1258 precibus,

823 108 964 144 81—

873 205 955 239 101).
981 206 1033 238 An
1056 215 1117 238 non
1141 206 1239 247 audit,

1027 253 1112 293 quod
1136 253 1166 284 ei
1191 253 1317 293 dieitur,

978 301 1068 340 Quod
1092 300 1131 333 ab
1158 309 1204 342 ea,

1026 348 1076 379 cui
1099 348 1171 388 plus
1198 347 1376 390 dimittitur,

1070 396 1149 428 Plus
1174 394 1320 428 amatur?

870 471 910 503 11
923 471 953 505 b.
980 471 1052 503 Non
1077 473 1126 503 est
1147 471 1181 502 in
1206 471 1336 511 scelere,

976 518 1036 558 Qui
1059 519 1129 550 vult
1148 519 1318 559 corrigere,

1024 566 1114 605 Quod
1137 565 1302 606 commisit,
1328 568 1438 597 totum.

868 639 910 672 12
922 641 951 672 b.
979 640 1063 672 Sana
1086 641 1230 673 morbum
1254 642 1405 683 vulneris,

1022 688 1185 721 Medicina
1208 689 1303 728 vitae,

975 735 1028 776 Et,
1055 745 1112 775 pro
1138 735 1250 775 quibus
1274 734 1425 775 posceris,

1024 782 1164 815 Crimina
1187 782 1321 815 dimitte.

868 858 910 891 13
922 858 951 890 b.
978 857 1051 890 Non
1075 867 1126 890 me
1149 860 1258 891 tradas
1281 857 1377 890 inferi

1022 905 1136 938 Poenis
1160 915 1219 945 pro
1243 906 1394 947 peccatis,

979 952 1043 985 Sed
1069 954 1239 984 clementer
1263 954 1353 992 apori

1022 999 1131 1031 Sinum
1154 1000 1294 1040 pietatis,

867 1074 910 1106 14
922 1075 953 1106 b.
979 1074 1047 1107 Fac
1070 1084 1121 1107 me
1144 1075 1258 1107 laetam

974 1121 1018 1154 Et
1042 1123 1190 1162 quietam,

973 1169 1060 1202 Pone
1083 1171 1199 1201 metam

1021 1216 1132 1249 Tantis
1160 1216 1332 1249 doloribus.

259 1289 327 1317 Cod.
349 1289 513 1317 Londinen.
534 1288 635 1324 (Liber
656 1288 801 1325 cistercii)
819 1289 891 1318 Add.
915 1288 949 1318 15
958 1288 1021 1318 722.
1050 1299 1124 1319 saec.
1147 1289 1221 1319 1²2¹13.

784 1447 880 1480 119.

640 1524 683 1555 De
703 1524 814 1556 sancta
835 1524 1027 1565 margareta.

177 1606 208 1639 1.
235 1604 339 1644 Salve,
367 1604 456 1644 virgo
482 1606 606 1645 martyr
631 1604 760 1646 Christi,

232 1652 428 1693 Margareta,
454 1660 535 1691 quae
560 1651 665 1683 vicisti

280 1699 447 1741 Olybrium
470 1699 642 1740 martyri03

234 1747 340 1787 Salve,
363 1749 417 1779 tuo
442 1747 539 1787 patri,
564 1755 647 1787 rosa,

232 1795 319 1834 Quae
342 1793 432 1826 fuisti
457 1794 578 1834 odiosa,

279 1842 344 1875 Sed
369 1842 488 1874 dilecta
510 1841 588 1876 filio.

860 1606 892 1637 2.
919 1604 989 1645 Dei,
1016 1605 1056 1636 ob
1082 1613 1221 1637 amorem
1246 1606 1335 1645 cujus

917 1653 1040 1692 Spretis
1066 1653 1154 1693 regni
1179 1653 1289 1686 mundi
1314 1654 1406 1694 hujus

967 1699 1158 1741 cunctisque
1183 1701 1346 1733 ornatibus

918 1747 1031 1790 Saeeli,
1056 1748 1239 1788 sanguinem
1265 1747 1375 1781 fudisti

918 1795 987 1827 Neo
1011 1804 1074 1826 non
1098 1798 1197 1828 totam
1222 1795 1365 1828 tribuisti

962 1843 1010 1875 Te
1033 1845 1190 1876 tortorum
1212 1844 1368 1879 manibus

573 1920 604 1952 3.
630 1919 728 1961 Ergo,
754 1922 876 1958 martyr
900 1919 1093 1960 Margareta,

630 1965 730 1998 Nobis
757 1964 865 1997 confer
889 1974 988 2005 regna
1010 1966 1106 2007 laeta,

678 2013 750 2045 Hac
775 2013 859 2044 valle
883 2012 1038 2052 miseriae,

631 2060 803 2093 Consolare
827 2060 986 2099 lugentem

629 2107 829 2140 Laudantem
854 2107 933 2139 oleri
955 2109 1093 2139 mentem

673 2155 766 2188 Dono
791 2158 866 2187 tuae
889 2156 1011 2195 gratiae

625 2203 671 2235 Et
695 2203 834 2235 concede
860 2211 1053 2243 conregnare

627 2250 729 2283 Nobis
753 2252 857 2282 tecum
882 2252 914 2281 et
938 2259 1046 2282 amare

674 2298 833 2331 Christum
858 2306 964 2339 regem
988 2298 1117 2339 gloriae.

245 2366 316 2395 Cod.
336 2365 551 2402 Engelbergen.
571 2361 635 2393 314.
656 2372 732 2392 saec.
755 2361 798 2391 14.

224 2417 350 2443 Drevea.
368 2416 496 2440 Cantiones
511 2415 536 2438 et
549 2414 645 2438 Mutati.
671 2414 701 2437 11.
