1653 2564
781 130 1036 165 —200-

851 233 971 267 XXIV.

328 297 426 329 Veste
450 297 587 337 nuptiali
1007 298 1046 329 In
1069 296 1147 329 sede
1170 297 1312 337 speciali,

328 343 505 384 Splendore
528 343 663 384 figurali,
1009 343 1139 380 Caveas‚

327 390 399 421 Non
423 392 488 422 tam
514 391 673 430 corporali
939 391 994 423 10.
1007 390 1053 422 Ut
1076 389 1194 422 habeas

328 436 425 475 Quam
449 438 560 469 habitu
583 438 716 470 mentali
1008 438 1047 469 In
1071 437 1182 469 habitu
1207 441 1240 469 te
1263 438 1331 478 tali,

283 485 313 516 5.
328 483 465 522 Nuptias
488 485 641 524 introeas,
1009 484 1098 523 Quod
1122 493 1185 516 uon
1211 493 1304 516 exeas

327 530 380 561 Sic
404 529 537 571 fulgeas,
1006 531 1056 562 De
1083 531 1174 563 domo

325 576 372 609 Ut
394 577 507 609 sedeas
1058 578 1169 616 pulsus
1193 578 1303 618 regali.

332 641 414 668 Cant.
434 651 487 670 ms.
508 643 590 670 Petri
609 643 645 670 de
663 643 786 670 Medicis
806 652 881 672 saec.
903 641 947 671 13.
988 643 1057 671 Cod.
1077 643 1266 671 Laurentian.
1282 643 1327 671 Pl.
1348 642 1393 671 29.
1416 641 1441 670 1.

854 757 956 790 XXV.

326 831 451 865 Frater.
475 833 540 871 J'am
566 832 754 873 prospicias,
1007 833 1055 865 Ut
1078 841 1141 864 non
1167 841 1379 872 corrumpare.

326 877 372 910 Ut
396 878 528 917 abjicias
1010 879 1044 911 Si
1069 888 1120 910 res
1147 880 1193 913 vis
1218 889 1356 919 servare,

324 925 392 956 Has
419 926 559 965 delicias,
635 938 649 950 ο
934 927 990 959 20.
1004 927 1042 959 In
1068 935 1177 959 causas
1202 936 1264 958 non
1283 927 1398 967 impias

325 972 411 1010 Quae
435 975 467 1004 te
494 974 596 1005 varias
1003 973 1110 1005 Debes
1137 983 1280 1016 erogare,

279 1021 309 1053 5.
324 1019 469 1052 Trahunt
493 1021 534 1052 ad
558 1021 705 1059 ineptias,
1004 1020 1084 1052 Nam
1110 1023 1143 1052 te
1169 1021 1362 1061 dispensare,

323 1065 449 1106 Frater,
475 1076 515 1099 ne
537 1067 684 1099 lascivias
1004 1067 1076 1098 Non
1100 1068 1262 1100 luxuriare

325 1113 372 1145 Ob
399 1114 525 1146 divitias
1004 1114 1090 1155 Vult,
1117 1116 1170 1155 qui
1194 1114 1373 1147 affluentias

323 1161 422 1193 Immo
445 1162 625 1201 recordare,
934 1161 1122 1194 25 Rerum
1147 1162 1208 1193 scit
1233 1163 1361 1194 donare.

327 1207 469 1240 Christus
491 1209 583 1248 inops
608 1209 718 1240 anxias
1000 1208 1125 1248 Frater,
1151 1218 1228 1241 sane
1250 1209 1419 1249 praesciaS,

255 1256 309 1289 10.
325 1254 406 1293 Quoi:
430 1256 502 1287 tulit
527 1256 690 1295 angustias
1002 1256 1086 1287 Istas
1112 1264 1204 1297 opum
1231 1257 1337 1296 copias

323 1302 367 1333 Et
390 1305 547 1334 memento
572 1311 680 1342 quare.
1002 1303 1144 1336 Christus
1168 1304 1275 1335 multis
1301 1304 1382 1335 solet
1407 1303 1482 1335 dare

323 1349 388 1380 Res
412 1349 441 1380 si
464 1350 627 1390 resignare
1002 1350 1055 1381 Ad
1082 1351 1311 1390 experientiam

324 1396 473 1428 Nondum
496 1397 574 1429 velis
598 1397 754 1440 proprias,
933 1397 986 1430 30.
1001 1397 1087 1436 Ergo
1113 1398 1141 1429 si
1165 1396 1314 1438 sufficias,

325 1443 424 1476 Caute
450 1444 672 1484 contemplare,
1001 1443 1047 1476 Ut
1068 1452 1126 1483 per
1150 1444 1211 1476 hoc
1233 1443 1391 1484 proficias,

256 1492 310 1523 15.
324 1491 371 1523 Ut
393 1490 434 1522 ad
457 1491 673 1523 immunditias
1001 1491 1104 1530 Igitur
1124 1491 1259 1531 incipias

324 1538 432 1570 Rebus
456 1548 518 1571 non
544 1541 647 1579 utare,
998 1539 1147 1570 Fratrum
1174 1541 1363 1578 supportare

323 1585 436 1617 Discas
462 1586 635 1626 abundare,
997 1584 1156 1617 Miserias

329 1650 410 1678 Cant.
431 1659 484 1679 ms.
504 1651 636 1679 Toletan.
656 1658 731 1677 saec.
752 1647 826 1679 ¹³l14.
861 1650 930 1677 Cod.
950 1650 1096 1677 Matriten.
1117 1650 1208 1678 Tolet.
1229 1647 1283 1677 930
1303 1646 1443 1682 (33—23).
1458 1650 1483 1677 A
1512 1665 1550 1669 —

253 1688 336 1716 Cant.
362 1697 413 1715 ms.
435 1688 515 1717 Pctri
542 1689 577 1716 de
595 1689 719 1716 Medicis
747 1695 821 1716 saec.
845 1686 887 1716 13.
928 1688 996 1716 God.
1016 1688 1205 1717 Laurentian.
1227 1688 1269 1714 Pl.
1291 1685 1337 1714 29.
1362 1685 1385 1714 1.
1406 1687 1439 1714 B.
1460 1702 1496 1706 —-
1521 1686 1548 1715 4.

254 1726 318 1759 Quo
340 1729 378 1754 te.
399 1741 436 1745 —
456 1727 483 1754 7.
505 1727 548 1755 Ob
569 1727 690 1754 delicias
709 1726 743 1753 A.
766 1741 802 1746 --
823 1724 866 1753 10.
889 1726 990 1753 tulerit
1008 1726 1040 1753 B.
1062 1741 1100 1745 —-
1119 1724 1164 1753 26.
1185 1734 1256 1753 sane
1275 1726 1384 1761 pretias
1404 1725 1437 1752 Β.

844 1839 964 1872 XXVI.

324 1918 362 1949 In
387 1918 471 1949 omni
496 1916 598 1949 fratre
621 1919 675 1948 tuo
999 1915 1073 1948 Odii
1096 1914 1304 1954 sermonibus,

323 1965 394 1996 Non
420 1965 537 1997 habeas
562 1964 722 2004 fiduciam,
999 1962 1095 1994 Nullo
1120 1963 1213 1995 modo
1241 1962 1352 1994 credas
1371 1964 1404 1993 te
1420 1961 1549 2001 talibus,

322 2012 475 2050 Quoniam
1000 2010 1079 2049 Quia
1102 2019 1187 2042 mors
1213 2012 1261 2041 est

321 2059 419 2091 Livor
443 2062 493 2091 est
516 2060 548 2091 in
572 2059 718 2099 pluribus
1046 2057 1078 2088 in
1103 2057 1230 2098 linguae
1253 2056 1408 2096 manibus,

277 2108 307 2139 5.
322 2106 437 2138 Dolum
461 2106 645 2138 acuentibus
933 2106 987 2139 15.
1001 2105 1117 2136 Vestiti
1142 2108 1216 2137 sunt
1240 2104 1321 2136 enim
1349 2103 1538 2143 duplicibus,

322 2154 370 2186 Ut
392 2154 589 2193 novaculum,
1001 2153 1086 2185 Pace
1110 2151 1188 2184 foris
1214 2155 1246 2183 et
1269 2152 1353 2183 intus
1376 2149 1551 2194 fraudibus,

324 2200 470 2232 Servient
491 2201 531 2231 ad
557 2200 681 2231 oculum
1002 2199 1039 2231 In
1065 2200 1196 2231 occultis
1221 2199 1353 2231 adstant:
1378 2198 1540 2238 divitibus,

322 2247 367 2278 Et
391 2245 448 2277 sub
474 2247 580 2278 verbis
606 2244 751 2277 dulcibus
1000 2246 1049 2279 Ut
1072 2249 1204 2278 noceant
1228 2246 1319 2286 nugis
1344 2245 1524 2279 fallacibus,

321 2293 398 2324 Tuis
422 2296 542 2331 ponent
565 2291 724 2332 gressibus
999 2294 1030 2323 A
1050 2291 1204 2324 fructibus

253 2340 306 2371 10.
322 2338 560 2373 Offendiculum.
929 2339 984 2370 20.
998 2338 1041 2370 Et
1064 2347 1128 2371 non
1152 2340 1292 2371 vestibus

322 2386 465 2425 Linguae
488 2386 615 2420 solvunt
635 2385 776 2424 jaculum
1000 2384 1118 2423 Chaym
1143 2386 1244 2420 tribus
