1653 2566
699 96 954 132 —147‘

203 190 234 221 9.
251 188 311 229 Ha,
338 198 409 222 cum
430 191 531 231 ‚iudex
556 194 677 225 venerit

249 236 293 268 Et
319 246 387 269 cum
416 239 616 272 ventilaverit

295 285 449 317 Triticum
474 287 506 318 in
533 296 617 327 area,

249 332 402 364 Fructum
428 334 480 372 qui
501 343 563 365 non
589 332 710 376 fecerit,

296 379 345 411 De
368 381 499 412 cultoris
525 381 617 413 vinea

343 427 468 458 Palmes
498 428 670 462 excidetur.

864 194 918 226 10.
934 193 1105 225 Cicatrices
1129 193 1293 225 vulnerum

934 240 1061 279 Christi,
1089 240 1207 272 elamor
1230 248 1414 280 pauperum,

980 287 1107 325 Sordes,
1136 296 1212 328 quas
1236 296 1300 319 non
1323 287 1481 326 torsimus,

929 335 1133 366 Aecusabunt
1157 343 1296 375 operum,

975 381 1099 414 Primus
1126 384 1157 413 et
1181 382 1367 413 novissimus

1027 429 1192 467 Quadrans
1218 429 1407 468 exquiretur.

257 481 340 509 Cant.
362 490 414 509 ms.
436 482 516 510 Petri
537 483 573 510 de
591 483 715 511 Medicis
732 492 806 511 saec«
829 481 873 511 13.
914 483 982 512 Cod.
1002 484 1182 513 Laui-entiam
1198 484 1243 511 Pl.
1264 481 1308 511 29.
1331 483 1355 511 1.

180 595 208 627 1,
237 595 317 634 Heu,
346 606 406 637 quo
430 598 635 638 progreditur

284 645 525 685 praevaricatio,

236 690 343 723 Virtus
373 692 570 723 subtrahitur

280 740 309 769 A
335 739 526 777 sanctuario,

234 786 306 817 Jam
329 794 412 818 novo
436 785 575 818 traditur

283 832 427 864 Christus
457 834 628 872 praetorio,

236 880 313 913 Cum
337 879 450 911 Petrus
478 879 578 911 utitur

281 926 378 959 Pilati
405 927 522 967 gladio,

176 984 207 1016 2.
235 984 273 1015 In
298 984 368 1016 loco
393 984 574 1022 praesulum

281 1030 424 1062 Pilatant
448 1030 601 1068 consules,

233 1079 312 1111 Cum
341 1076 428 1109 facta
452 1077 613 1108 consulum

277 1124 442 1162 Usurpent
464 1125 638 1165 praesules,

227 1171 374 1204 Adorant
400 1171 542 1211 vitulum,

281 1218 488 1250 Proscribunt
513 1218 646 1256 exsules,

231 1266 408 1305 Propinant
431 1266 588 1305 poculum,

276 1314 353 1353 Quo,
382 1312 517 1351 Christe,
543 1312 655 1351 procul
681 1321 724 1344 05.

785 546 882 579 209.

862 600 892 632 3.
919 598 956 631 In
981 598 1182 638 pontificibus

964 647 1111 686 Regnant
1136 645 1309 687 carnifices,

918 694 956 725 In
984 693 1185 726 carnificibus

964 741 1077 772 Insunt
1099 739 1275 780 pontifices,

917 786 995 819 Cum
1025 787 1238 819 sacerdotibus

964 834 1117 874 Depilant
1137 835 1281 870 vertices,

916 880 960 913 Et
984 881 1016 912 in
1042 879 1209 913 abbatibus

962 927 1126 960 Abbatant
1151 929 1319 968 simplices.

882 1009 889 1015 .
918 983 994 1016 Cum
1021 983 1139 1015 Christi
1163 985 1270 1016 tunica

966 1031 1089 1062 Partita.
1111 1031 1278 1074 scinditur,

916 1077 990 1110 Ovis
1018 1077 1175 1109 dominica

962 1124 1062 1164 Lupis
1089 1124 1267 1167 exponitur,

912 1172 956 1203 Et
981 1171 1155 1211 apostolica

961 1218 1060 1250 Navis
1085 1218 1290 1257 subvertitur,

913 1267 1011 1298 Immo
1036 1265 1171 1304 piratica

962 1312 1081 1352 Puppis
1105 1311 1251 1344 efficitur.

246 1368 316 1395 Cod.
338 1369 481 1396 Oxonien.
502 1368 670 1395 Rawlinson
692 1367 714 1394 C
735 1365 790 1395 510
812 1376 886 1395 saec.
910 1366 953 1396 13.
975 1368 1008 1395 A.
1033 1366 1115 1395 Cant.
1135 1377 1187 1395 ms.
1206 1365 1286 1394 Petri
1306 1367 1340 1395 de
1355 1367 1478 1394 Medicis

172 1414 248 1433 saec.
271 1403 314 1433 13.
350 1405 418 1433 God.
433 1404 622 1433 Laurentian.
641 1405 686 1432 Pl.
707 1403 753 1432 29.
776 1403 799 1432 1.
821 1406 853 1433 B.
876 1420 910 1424 —
925 1407 949 1433 B
969 1405 1022 1432 hat
1040 1414 1095 1432 nur
1113 1405 1158 1432 die
1172 1406 1243 1432 zwei
1259 1407 1353 1433 ersten
1370 1404 1426 1431 Str.

171 1442 197 1476 2.
223 1442 237 1470 1
257 1444 293 1471 In
313 1444 386 1471 lueis
406 1443 440 1471 B.
461 1459 498 1462 —
518 1443 544 1470 A
563 1443 767 1471 ubersehreibt
786 1442 837 1470 das
860 1443 948 1471 Lied:
975 1444 1021 1471 De
1041 1442 1226 1478 pontificibus
1248 1442 1372 1470 officium
1393 1452 1476 1470 suum

170 1482 389 1517 usurpantibus.

171 1588 200 1619 1.
230 1586 404 1618 Vehemens
436 1586 611 1627 indignatio

274 1634 390 1666 Pacem
414 1633 583 1673 perturbat
603 1633 744 1675 spiritus,

228 1681 330 1713 Bilem
357 1680 418 1712 ciet
438 1681 559 1721 religio,

277 1729 376 1768 Quam
400 1728 544 1760 simultas
571 1731 602 1759 et
626 1727 762 1759 ambitus

227 1775 281 1808 Sic
307 1775 494 1808 decolorant
517 1776 623 1814 hodie,

274 1822 364 1861 Quod
392 1821 470 1855 fidei
496 1823 640 1855 doctores

226 1870 434 1911 Impudenter
459 1870 614 1902 ecclesiae

273 1918 463 1958 Deglutiunt
485 1917 630 1950 honores.

778 1534 868 1567 210.

856 1586 886 1618 2.
911 1586 1045 1618 Alterno
1070 1584 1228 1625 profectui

912 1633 1047 1665 Student
1073 1634 1141 1665 vice
1165 1633 1274 1673 mutui,

960 1680 1018 1712 Vel
1043 1678 1153 1712 favore
1179 1681 1308 1712 divitum

959 1727 1029 1759 Non
1058 1728 1243 1759 discernunt
1267 1728 1412 1759 meritum

1005 1774 1074 1807 Nec
1098 1777 1146 1807 est
1167 1775 1265 1815 gratis
1292 1775 1409 1814 datum,

959 1822 1048 1861 Quod
1073 1822 1219 1854 affectum
1245 1822 1395 1855 distrahit

958 1868 1005 1901 Et.
1026 1878 1066 1902 ex
1091 1870 1197 1902 dantis
1222 1870 1381 1902 contrahit

1006 1916 1088 1949 Vitio
1110 1920 1241 1950 reatum.

591 1976 621 2007 3.
648 1973 828 2013 Explorant
852 1973 973 2012 sedulo,

644 2021 718 2059 Quis
745 2021 870 2059 praesul
896 2020 987 2051 titulo

692 2067 810 2107 Majori
835 2067 981 2107 gaudeat,

692 2114 751 2147 Cui
775 2123 859 2146 mors
884 2114 1046 2146 immineat

737 2161 851 2194 Morbo
877 2162 927 2193 vel
952 2162 1049 2202 senio,

739 2209 785 2242 Ut
810 2217 827 2240 e
849 2209 982 2250 vestigio

689 2257 742 2290 Illi
767 2256 939 2289 succedere

639 2304 812 2344 Sumopere
834 2303 990 2337 laborent.

237 2367 320 2394 Cant.
343 2372 396 2393 ms.
416 2364 498 2392 Petri
518 2363 554 2390 de
573 2361 697 2390 Medicis
718 2369 792 2389 saec.
816 2358 859 2388 13.
902 2360 969 2389 Cod.
990 2361 1172 2389 Laurentian
1202 2361 1244 2389 Pl.
1266 2359 1311 2390 29.
1334 2361 1358 2390 1.

1245 2408 1302 2439 10³
