1653 2566
704 104 939 141 „43-

166 201 199 233 3.
226 199 309 231 Tota
333 199 452 232 virtute
477 200 630 241 cordium,
850 203 883 235 4.
907 202 1080 242 Purgemus
1106 210 1179 241 ergo
1201 199 1322 241 vitium,

224 246 401 279 Plancium
423 248 516 280 vertit
537 247 576 279 in
598 249 768 289 yaudium,
907 248 1083 281 Plancium
1105 248 1199 281 vertit
1220 247 1258 279 in
1279 245 1447 288 gaudium,

226 293 407 326 Laudemus
431 294 534 334 patris
558 293 657 327 filium
910 296 974 328 Ore
996 298 1087 327 sonet
1110 296 1178 327 laus
1202 294 1362 335 mentium,

275 340 370 380 Cujus
394 350 452 373 nos
474 341 578 373 salvet
601 343 722 382 gratia;
957 342 1006 374 Sit
1028 342 1164 374 trinitati
1185 341 1303 382 gloria3

224 388 392 420 Planctum
420 388 519 420 vertit
540 388 574 419 in
599 390 748 428 gaudium
910 389 1076 421 Planctum
1102 390 1198 422 vertit
1219 389 1253 420 in
1277 388 1424 429 gaudium

275 435 404 467 Summa
429 435 548 467 Christi
571 435 714 468 victoria.
960 436 1086 468 Summa
1112 436 1230 469 Christi
1256 435 1397 468 victoria.

246 498 330 527 Cant.
353 508 409 527 ms.
429 500 511 527 Petri
531 500 567 527 de
586 500 710 528 Medicis
731 509 806 528 saec.
829 498 873 528 13.
908 500 977 528 Cod.
997 501 1186 529 Laurentian.
1206 501 1250 527 Pl.
1270 499 1316 528 29.
1337 499 1362 528 1.

170 651 201 683 1.
229 650 356 684 Christo
380 649 499 690 psallat
525 650 669 692 ecclesia,
855 654 887 684 2.
914 651 1038 690 Quanta
1060 653 1122 685 Dei
1142 653 1294 692 potentia,

226 697 320 729 Mitis
344 696 578 740 misericordia,
910 698 1005 731 Mitis
1029 699 1261 743 misericordia,

229 745 410 784 Redempta
434 743 510 775 Sion
534 743 602 776 filia
912 745 1050 777 Mortem
1073 749 1193 778 mactat
1217 747 1350 779 victoria

275 792 340 824 Det
362 791 490 823 laudem
514 792 582 831 regi
607 793 736 833 gloriae,
960 793 1079 826 Caesae
1101 803 1160 833 pro
1184 793 1276 825 nobis
1301 794 1431 835 hostiae,

227 839 319 871 Mitis
343 838 564 870 misericordia
913 840 1003 871 Mitis
1027 840 1255 881 misericordia,

276 886 415 918 Mortem
442 885 599 918 destruxit
623 887 729 920 hodie.
958 886 1097 919 Mortem
1123 888 1280 920 destruxit
1303 887 1406 920 hodie.

571 943 602 975 3.
627 943 723 983 Laus,
749 943 858 986 honor,
885 943 996 982 virtus,
1022 943 1133 984 gloria,

626 990 722 1022 Mitis
746 989 980 1029 misericordia,

627 1036 707 1078 Deo,
734 1037 821 1075 qu'us
845 1045 903 1068 nos
926 1037 1030 1076 gratia

671 1083 863 1123 Emancipat
886 1083 1043 1122 miseriae,

627 1130 718 1162 Mitis
742 1130 961 1162 misericordia

672 1177 811 1209 Mortem
837 1177 996 1209 destruxit
1019 1176 1124 1209 hodie.

250 1238 334 1265 Cant.
355 1246 408 1265 ms.
429 1237 509 1264 Petri
531 1236 567 1264 de
586 1237 710 1265 Medicis
730 1246 805 1265 saec.
828 1235 872 1265 13.
905 1237 975 1265 Cod.
995 1238 1184 1265 Laurentian.
1205 1237 1249 1264 Pl.
1271 1235 1317 1264 29.
1340 1235 1365 1263 1.

172 1391 203 1424 1.
235 1390 329 1421 Vetus
354 1397 493 1429 purgans
518 1386 651 1432 facinus,
860 1390 892 1422 2.
920 1388 1013 1420 Cedit
1038 1388 1128 1421 dolor
1152 1389 1315 1431 pristinus,

228 1436 418 1469 Resurremit
440 1435 617 1474 Dominus,
915 1435 1104 1469 Resurrexit
1127 1436 1300 1478 Dominus,

230 1484 358 1516 Doloris
390 1486 438 1515 est
461 1482 616 1515 terminus
917 1482 1024 1514 Pietas
1048 1484 1150 1522 patris
1176 1484 1262 1515 sinus

276 1531 348 1563 Lux
374 1530 538 1571 hodierna,
964 1530 1083 1562 Pandit
1105 1534 1245 1571 aeterna,

228 1579 416 1611 Resurrexit
440 1577 606 1616 Dominus»,
916 1577 1105 1610 Resurrexit
1127 1578 1292 1617 Dominus,

274 1626 367 1659 Salus
392 1628 532 1657 aeterna.
965 1624 1058 1656 Salus
1082 1629 1222 1658 aeterna.

571 1682 603 1714 3.
629 1681 744 1713 Pacem
772 1682 855 1713 dona
879 1681 1034 1721 protinus,

625 1729 816 1761 Resurrexit
838 1729 1015 1771 Dominus,

627 1776 688 1816 Qui
713 1785 746 1808 es
768 1786 849 1808 unus
876 1779 908 1807 et
931 1776 1034 1807 trinus

673 1824 713 1856 In
736 1824 950 1863 sempiterna3

626 1871 819 1904 Resurrexit
841 1871 1009 1911 Dominus,

678 1919 770 1952 Salus
800 1921 940 1951 aeterna.

246 1978 328 2006 Cant.
349 1986 403 2006 ms.
421 1979 503 2006 Petri
523 1978 558 2005 de
579 1977 704 2006 Medicis
724 1986 800 2006 saec.
826 1976 869 2006 13.
904 1977 972 2005 Cod.
992 1978 1182 2006 Laurentian.
1202 1979 1248 2006 Pi.
1269 1977 1314 2007 29.
1338 1977 1361 2006 1.

808 2071 871 2101 56.

172 2135 201 2167 1.
231 2133 346 2165 Omnes
372 2132 481 2171 gentes
506 2129 661 2170 plaudite,
860 2131 892 2161 2.
919 2129 1095 2170 Suspensus
1120 2131 1154 2162 in
1179 2131 1298 2174 stipite,

229 2179 313 2220 Reyi
330 2187 432 2220 passo
451 2177 595 2219 psallite,
916 2177 1001 2218 Regi
1017 2186 1118 2217 passo
1137 2179 1279 2219 psallite,

230 2228 392 2267 Hymnum
415 2225 485 2258 Deo
508 2224 615 2264 dicite,
921 2225 1051 2257 Occisus
1074 2226 1232 2258 immerite

277 2275 389 2307 Victus
415 2275 473 2314 est,
509 2272 562 2312 qui
586 2282 644 2305 nos
670 2273 801 2313 vicerat,
965 2273 1146 2314 Restaurat,
1173 2273 1257 2314 quod
1281 2275 1438 2316 perierat3

229 2323 309 2363 Regi
333 2331 429 2363 passo
454 2320 595 2362 psallite,
919 2320 1000 2360 Regi
1023 2330 1117 2361 passo
1142 2322 1282 2362 psallite,

276 2372 396 2405 Passus
423 2369 502 2402 vicit
526 2371 559 2400 et
582 2368 730 2408 imperat.
968 2369 1085 2401 Passus
1111 2369 1190 2402 vicit
1212 2372 1245 2401 et
1267 2370 1415 2410 imperat.
