1653 2564
729 102 977 137 —140—-

790 220 893 250 200.

593 306 635 336 De
657 304 870 337 Admonitione
889 305 1115 337 Praelatorum.

203 403 232 435 1.
258 403 330 435 Non
356 405 389 434 te
407 402 522 434 lusisse
545 402 675 445 pudeat,

305 449 369 481 Sed
393 449 500 481 ludum
526 458 588 481 non
613 449 764 489 incidere,

303 495 349 527 Et
373 504 453 535 quae
476 496 580 527 lusisti
602 499 730 535 temere,

302 543 355 574 Ad
381 542 466 575 vitae
490 541 612 582 frugem
636 546 770 586 vertere,

258 589 414 629 Magistra
438 598 558 621 morum
585 589 698 621 doceat

304 636 350 668 Te
375 636 466 676 ratio,

302 683 350 715 Ut
375 683 487 723 dignus
511 682 672 723 pontificio

257 731 364 764 Divini
390 730 505 763 donum
528 731 665 762 numinis

258 777 311 810 Ad
335 777 461 810 laudeni
488 777 606 811 Christi
630 778 764 810 nominis

303 825 461 866 Fungaris
485 825 673 858 sacerdotio.

223 934 229 941 .
257 910 307 942 Sis
331 910 413 949 pius,
435 910 549 949 justuS,
575 909 709 949 sobrius,

304 956 457 999 Prudens,
480 956 624 997 pudicus,
649 957 787 997 humilis,

304 1004 341 1036 In
367 1005 434 1044 lege
459 1003 520 1035 Dei
546 1003 657 1035 docilis

306 1050 350 1082 Et,
372 1059 435 1082 non
458 1051 502 1081 sis
524 1050 619 1082 arhor
643 1050 772 1093 sterilis,

259 1098 326 1129 Tuo
352 1100 383 1127 te
407 1104 498 1136 regas
521 1097 625 1135 aptius

305 1142 428 1182 Officio,

309 1190 352 1222 Ut
380 1190 471 1229 pulso
495 1189 606 1229 procul
631 1190 707 1222 vitio

259 1237 425 1269 Munderis
450 1236 523 1268 labe
549 1237 699 1278 criminis,

260 1284 296 1315 In
321 1284 445 1316 laudem
469 1284 605 1315 mundae
630 1283 758 1324 virginis

307 1330 470 1363 Ministres
494 1331 527 1362 in
551 1330 676 1364 altario.

226 1442 232 1449 .
256 1416 329 1447 Nou
355 1415 410 1447 des
434 1414 586 1446 ministris
611 1415 764 1446 scelerum

311 1462 383 1495 Non
409 1464 470 1504 tua,
493 1461 551 1492 sed
575 1461 736 1504 ecclesiae,

307 1508 371 1541 Sub
395 1508 523 1549 pietatis
547 1508 653 1547 specie

308 1555 380 1588 Non
404 1555 544 1587 abutaris
568 1555 664 1594 impie

260 1603 431 1637 Commisso
457 1601 515 1634 tibi
538 1610 712 1641 pauperum

307 1649 472 1689 suffragio,

305 1696 359 1729 Nil
384 1707 403 1729 a
425 1699 457 1727 te
481 1695 565 1728 ferat
588 1696 699 1728 histrio

257 1745 301 1776 Et
325 1744 383 1775 tibi
406 1752 469 1776 non
494 1743 615 1775 allicias

256 1791 395 1824 Infames
419 1790 573 1823 amicitias

305 1838 355 1872 De
380 1838 497 1871 Christi
521 1839 720 1877 patrimonio.

875 404 908 435 4.
933 401 1100 434 Ministros
1123 400 1343 433 immunditiae

878 911 907 941 5.

879 1414 910 1446 6.

980 449 1011 479 A
1035 451 1067 479 te
1091 447 1228 487 repellas
1252 447 1385 487 longius,

980 494 1140 527 Bonorum
1170 495 1267 526 vitam
1291 493 1404 526 fortius

983 541 1103 574 Pravus
1128 542 1283 581 depravat
1307 542 1409 573 socius

934 589 978 620 Et
999 587 1100 620 afficit
1122 587 1273 621 infamiae

980 634 1166 677 Dispendio‚

981 682 1036 714 Sic
1056 683 1194 715 trahitur
1216 683 1433 722 praesumptio

934 731 964 762 A
990 729 1135 761 convictu
1159 730 1319 769 similium,

937 776 1077 809 Praelati
1099 778 1168 809 vita
1191 777 1300 809 vilium

982 824 1115 857 Vilescit
1137 824 1352 859 contubernio.

935 908 1033 941 Caute
1062 908 1194 948 dispone
1220 909 1336 951 domui⁷

982 956 1088 987 Pauca
1110 957 1169 988 sed
1192 964 1270 987 vera
1291 956 1431 996 loquere,

983 1003 1089 1034 Verba
1112 1001 1275 1034 confirmes
1301 1012 1406 1045 opere,

985 1049 1066 1087 Quia
1088 1057 1150 1080 non
1177 1049 1268 1081 decet
1289 1053 1408 1081 temere

936 1096 977 1128 Os
1003 1095 1177 1127 sacerdotis
1202 1096 1302 1135 pollui

980 1141 1168 1182 Mendacio3

983 1189 1188 1221 Prudentium
1214 1189 1344 1221 consilio

935 1236 981 1267 Te
1006 1235 1069 1268 frui
1092 1245 1155 1267 non
1181 1236 1359 1276 displiceat,

936 1282 1004 1314 Nec
1028 1285 1060 1314 te
1083 1283 1209 1314 sinistre
1233 1287 1358 1314 moveat

982 1328 1124 1361 Salubris
1149 1330 1338 1364 exhortatio.

936 1414 1077 1454 Teneris,
1103 1417 1137 1445 ut
1163 1413 1320 1446 abstineas

984 1461 1034 1492 Ab
1060 1462 1145 1493 omni
1169 1461 1253 1492 mala
1276 1462 1392 1500 specie,

984 1507 1047 1539 Sub
1073 1506 1163 1540 freno
1188 1508 1415 1547 temperantiae

983 1554 1141 1595 Magistra
1162 1555 1316 1595 pudicitie

936 1601 1115 1634 Sobrietate
1135 1601 1259 1639 floreas,

984 1648 1053 1680 Nec
1078 1649 1164 1681 vario

984 1696 1133 1736 Vagoque
1160 1696 1319 1729 desiderio

937 1743 1087 1777 Declines
1111 1743 1153 1775 ad
1175 1743 1354 1784 illecebras,

940 1790 1004 1823 Sed
1033 1799 1145 1822 caecae
1169 1792 1282 1823 mentis
1308 1790 1455 1823 tenebras

987 1838 1093 1878 Purga
1116 1838 1242 1871 virtutis
1266 1838 1367 1883 radio.

562 1926 592 1958 7.
619 1924 695 1956 Pius
720 1926 882 1963 protector
906 1932 1082 1964 pauperum

665 1971 757 2004 Omni
781 1971 901 2011 petenti
926 1972 1039 2014 tribue,

666 2019 771 2051 Malos
796 2020 943 2059 potenter
968 2027 1066 2058 argue

665 2067 842 2106 Mariusque
864 2074 971 2098 sacras
994 2066 1088 2098 ablue

621 2114 650 2145 A
675 2112 876 2145 sordidorum
898 2121 1064 2144 munerum

670 2160 790 2199 Contag

792 2160 831 2198 io,

668 2205 784 2237 Nullus
807 2208 841 2235 te
863 2204 975 2243 palpet
996 2206 1149 2247 praemio,

621 2251 769 2290 Quaesita
796 2251 895 2290 gratis
919 2251 1024 2290 gratia

620 2297 754 2338 Largire
773 2296 937 2337 beneficia,

666 2343 729 2376 Sed
754 2343 857 2384 dignis
881 2343 1046 2377 beneficio.
