1653 2566
679 103 938 142 —149-

498 203 528 235 5.
556 203 654 235 Omne
680 213 733 236 cor
757 212 900 237 moerens
924 204 1028 248 hodie,

606 250 708 291 Caput
733 255 764 283 et
788 260 879 284 omne
901 252 1096 292 languidum,

558 297 668 330 Olerus
693 307 804 339 campo
828 299 977 331 licentiae

604 344 709 385 Vagus
733 349 770 377 ut
792 347 903 385 vulgus
928 346 1104 386 sordidum,

556 391 670 424 Semen
693 392 774 433 legis
800 398 831 424 et
855 393 977 433 gratiae

602 439 710 471 Solum
733 440 842 472 condit
864 440 897 471 in
923 441 1056 474 an'dum.

233 510 317 537 Cant.
338 519 391 538 ms.
412 512 492 540 Petri
513 513 548 540 tle
567 512 690 541 Medicis
711 522 784 541 saec.
808 512 852 542 13,
893 514 962 541 Cod.
983 512 1171 543 Laurentian.
1191 513 1236 541 Pl.
1257 511 1302 541 29.
1326 511 1349 540 1.
1371 512 1404 539 Λ.
1427 528 1460 532 -

156 547 227 574 God.
250 549 390 577 Oxonien.
410 550 581 578 Rawlinson
602 551 624 578 O
647 550 710 579 510.
731 560 806 580 saec.
828 549 872 579 13.
892 553 926 579 Β,
946 567 983 571 -
1004 553 1073 580 Coti.
1096 551 1349 584 Guelfenbyteran.
1366 551 1464 577 Helm-

155 586 280 613 statlien.
310 584 374 614 628.
401 595 475 615 saec.
507 586 551 616 13.
574 589 605 615 G.
627 603 661 607 —
682 589 739 617 Str.
763 589 778 617 1
798 589 879 618 fehlt.
899 590 933 617 A.
954 606 990 610 —
1010 589 1067 617 Str.
1089 588 1107 616 2
1126 589 1201 617 fehlt
1221 589 1251 616 G.
1271 603 1309 608 —-
1329 590 1364 616 1«
1393 588 1464 616 fehlt

155 624 191 650 A.
210 639 249 644 —
270 624 328 651 Str.
348 623 368 652 4
385 625 459 653 fehlt
479 625 510 653 C.
533 640 567 645 ——
590 626 645 654 Ofr.
665 626 830 655 Milchsack
851 625 914 655 163.

764 747 858 779 213.

697 822 739 854 De
759 822 927 855 Haeresiis.

157 890 187 923 1.
214 889 405 929 Dogmaturn
430 889 528 922 falsas
553 891 676 930 species
843 893 874 925 2.
900 892 964 924 Sub
990 893 1157 931 praetextu
1180 891 1342 930 decipiunt

264 935 406 969 Profana
430 938 572 970 novitate
949 939 1084 971 Virtutis
1109 939 1275 970 simulatae

215 984 337 1023 Vulpes
364 985 525 1017 Samsonis
550 985 704 1025 ganniunt
900 987 1038 1025 Quarum
1064 986 1209 1018 diversae
1233 983 1328 1016 facies

261 1030 399 1063 Deserta
423 1032 568 1065 veritate.
947 1032 1010 1065 Sed
1037 1032 1157 1064 caudae
1182 1032 1356 1072 colligatae.

555 1090 585 1122 3.
612 1089 672 1120 Tui
695 1090 796 1120 status
822 1089 979 1121 excidium

659 1136 745 1176 Sion,
770 1134 848 1167 fiere
872 1145 933 1167 non
958 1144 1071 1175 cesses,

611 1183 696 1224 Ignis
720 1183 753 1214 in
779 1183 888 1216 caudis
912 1183 1053 1223 vulpium

658 1230 743 1262 Tuas
770 1231 942 1262 combussit
964 1239 1092 1262 messes.

237 1303 320 1331 Cant.
342 1311 394 1331 ms.
416 1303 496 1332 Petri
518 1304 553 1332 de
572 1304 696 1332 Medicis
717 1313 792 1332 saec,
816 1302 861 1333 13.
904 1304 973 1332 Cod.
995 1305 1184 1332 Laurentian.
1205 1303 1249 1331 Pl.
1270 1302 1315 1330 29.
1339 1302 1362 1330 1.

760 1415 856 1446 214.

635 1481 678 1512 De
696 1480 776 1513 Malo
797 1480 976 1512 l’eccuniac.

158 1551 190 1583 l.
217 1550 251 1582 Si
275 1550 412 1582 mundus
437 1551 561 1583 viveret
844 1552 875 1584 3.
902 1550 1029 1582 Dantur
1054 1548 1160 1582 officia

263 1597 399 1630 mundus
429 1599 592 1637 peccunia,
949 1597 1066 1629 bursae
1090 1598 1229 1637 consilio,

217 1645 382 1687 Regnaret
404 1646 490 1677 inter
513 1655 571 1677 nos
901 1645 958 1677 Fit
979 1645 1046 1684 jam
1072 1646 1112 1677 de
1134 1645 1276 1677 moribus

264 1702 327 1733 pax
355 1695 387 1724 et
411 1693 590 1735 concordia,
950 1701 1098 1732 suprema
1122 1692 1275 1734 quaestio,

220 1740 284 1773 Sed
311 1749 380 1773 cum
408 1740 553 1773 debilitet
903 1740 1036 1772 Dicetur
1060 1740 1220 1772 omnibus:

265 1796 324 1820 nos
349 1788 494 1831 avaritia,
952 1788 1007 1827 qui
1032 1790 1121 1819 earet
1144 1788 1259 1829 pretio,

218 1835 349 1867 Plantat
373 1838 405 1866 et
428 1836 542 1868 inserit
903 1836 1005 1867 Amen
1031 1834 1101 1868 dico
1126 1834 1226 1875 vobis,

266 1883 342 1915 lites
369 1885 401 1913 et
425 1883 499 1915 odia
953 1882 1027 1921 quia
1053 1891 1108 1914 vos
1133 1883 1239 1914 nescio

268 1929 359 1962 Duce
388 1929 560 1962 discordia.
951 1929 1020 1961 Nec
1043 1931 1123 1961 tales
1149 1930 1256 1961 audio.

163 1988 193 2019 2.
221 1986 304 2025 Quid
329 1985 413 2019 scire
437 1986 568 2026 expedit
846 1988 877 2020 4.
904 1985 990 2018 Proh
1016 1985 1116 2025 dolor,
1144 1985 1258 2017 artium

270 2042 353 2065 nova
381 2036 413 2064 et
436 2036 554 2073 vetera,
954 2033 1099 2064 doctrina
1127 2033 1299 2072 spernitur,

222 2080 377 2113 Nummus
403 2081 459 2112 dat
483 2079 656 2121 quaelibet,
904 2081 992 2120 Quae
1015 2081 1182 2120 praestant
1204 2080 1360 2120 redditus,

270 2128 374 2160 mollit
400 2130 432 2159 et
456 2136 579 2169 aspera,
954 2127 1058 2159 bursis
1083 2127 1269 2167 intenditur,

223 2176 325 2208 Nemo
348 2184 430 2207 vane
455 2178 556 2216 rogat,
908 2174 965 2207 Cui
989 2184 1041 2216 res
1066 2175 1178 2216 tenuis,

268 2223 322 2265 qui
350 2224 455 2255 tendit
478 2231 619 2261 munera,
953 2231 1044 2254 nemo
1071 2222 1223 2264 diligitur,

222 2272 340 2304 Preces
365 2273 441 2302 sunt
463 2279 583 2303 vacuae
908 2272 944 2303 In
968 2280 1028 2302 usu
1049 2270 1143 2302 nimis
1169 2273 1218 2301 est

271 2328 373 2353 vacua
399 2318 542 2358 dextera,
955 2317 1047 2360 illud,
1075 2318 1159 2358 quod
1183 2317 1317 2358 legitur:

269 2367 327 2401 Nil
349 2367 441 2407 juvat
463 2367 569 2400 litera.
955 2365 1097 2398 Habenti
1122 2365 1261 2401 (labitur,
