1653 2564
685 83 943 119 -135—

525 180 556 213 5.
580 179 728 219 Ejectum
750 182 783 212 te
806 180 947 220 reperies

584 226 706 259 Forsan
731 226 766 258 in
791 227 844 258 die
867 227 994 266 septies,

584 273 650 307 Ubi
673 276 780 305 tamen
802 276 838 305 tu
860 274 994 313 nescieS,

583 319 661 358 Nec,
683 322 720 351 ut
742 329 864 360 surgas,
888 320 1041 362 adjicies3

583 365 666 398 Nam
688 374 797 398 omnes
820 367 854 398 in
877 369 911 397 te
933 366 1052 398 senties

630 414 760 445 Irmere

631 460 710 492 Cum
735 459 888 500 pondere,

629 507 689 546 Qui
712 515 869 546 prospere

629 554 738 585 Vitam
765 553 856 585 ducis
879 554 913 585 in
937 561 1081 595 vespere,

632 600 704 633 Jam
727 601 809 633 lucis
835 603 904 632 orto
929 601 1045 641 sidere,

582 648 730 688 Eiectum
755 651 789 680 te
813 648 965 688 reperies,

240 735 308 763 eod.
329 732 492 761 Londinen.
514 731 653 760 Arundel.
671 729 737 760 201.
757 740 834 759 saee.
855 729 900 760 13.
921 731 986 759 add.
1007 740 1082 760 saec.
1105 730 1149 760 13.

776 892 872 922 193.

595 971 639 1001 De
660 969 858 1002 Ornamentis
876 970 1047 1002 Ecclesiae.

170 1058 200 1089 1.
228 1056 298 1088 Rex
323 1056 485 1096 virtutum,
512 1056 600 1094 cnjus
625 1055 726 1088 virtus

273 1104 367 1135 simul
392 1106 499 1143 potest
523 1103 637 1142 omnia,

227 1151 351 1191 Speciei
377 1150 487 1183 domus
512 1159 588 1182 suae

276 1198 448 1230 dividendo
471 1197 574 1237 spolia

228 1246 330 1278 Rosas
353 1245 445 1287 ponit
468 1244 671 1284 rubicundas,

277 1292 377 1324 violas
403 1295 435 1324 et
458 1291 538 1332 lilia,

228 1339 273 1372 Ut
299 1340 435 1372 diversis
459 1340 652 1371 ornamentis

278 1386 400 1426 fulgeat
423 1387 568 1419 ecclesia.

854 1057 884 1087 2.
908 1056 999 1088 Inest
1021 1057 1148 1095 quidem
1172 1058 1220 1089 vis
1245 1058 1362 1098 odoris,

956 1103 1033 1135 liliis
1059 1104 1183 1144 eximia,

911 1150 973 1182 Per
997 1159 1089 1190 quam
1114 1153 1218 1184 carnis
1245 1152 1429 1194 designatur

959 1198 1079 1230 candor
1103 1202 1136 1230 et
1158 1200 1326 1243 munditia,

911 1244 1016 1276 Rosae
1039 1248 1144 1279 tamen
1169 1248 1308 1286 gratiosa

959 1292 1105 1324 redolent
1129 1292 1317 1337 fragrantia,

911 1339 1040 1371 Habent
1063 1340 1147 1371 enim
1170 1342 1297 1380 potiora

959 1390 1117 1427 martyres
1141 1389 1338 1422 commercia.

248 1470 317 1499 Cod.
340 1470 481 1499 Oxonien.
502 1471 674 1498 Rawlinson
695 1469 717 1497 C
741 1468 805 1498 510.
831 1479 908 1498 saec.
931 1468 973 1499 13.
1002 1486 1037 1490 —
1067 1472 1125 1500 Die
1144 1470 1307 1501 Aufsclirift
1333 1474 1428 1502 laute-t
1452 1477 1483 1502 'm

173 1510 225 1536 ‹ler
246 1509 363 1543 Quelle:
384 1508 427 1536 Ut
446 1510 569 1536 diversis
591 1510 770 1536 ornamentis
790 1508 903 1544 fulgeat
922 1509 1059 1545 ecclesi-23
1079 1510 1139 1546 vgl.
1157 1509 1180 1543 1,
1203 1509 1221 1537 7
1241 1520 1283 1547 sq.

776 1657 875 1689 194.

603 1735 646 1768 De
666 1736 827 1777 nignitate
849 1737 1058 1770 sacerdotum.

176 1825 206 1856 1.
232 1822 420 1855 Sacerdotes
445 1822 517 1860 Dei,

280 1869 385 1901 Deum
408 1869 598 1904 benedicite.

235 1917 363 1949 Laudes
388 1917 457 1956 ejus

284 1964 314 1995 ei
340 1964 436 2004 digne
460 1963 584 2005 solvite,

236 2011 382 2044 Lautlate
405 2020 476 2043 eum
501 2019 627 2051 semper

284 2060 358 2099 oris,
381 2058 468 2092 vocis
493 2058 609 2093 studio.

236 2118 272 2150 In
300 2120 372 2148 ortu
399 2116 462 2148 diei

284 2164 326 2198 ad
352 2162 547 2196 laudandum
571 2164 701 2205 surgite,

238 2211 311 2245 Non
336 2211 377 2243 ab
403 2212 470 2251 eJus

286 2258 382 2292 laude
407 2258 605 2299 requiescite,

239 2309 375 2342 cantate
399 2306 469 2340 Deo
494 2315 610 2339 novum

286 2364 416 2390 carmen
442 2363 513 2386 cum
537 2355 693 2397 tripudio,

917 1823 1002 1856 Huic
1025 1824 1087 1856 soli
1108 1824 1243 1864 jubilate

965 1872 1080 1903 mentis
1105 1881 1176 1904 curn
1198 1873 1332 1913 laetitia,

919 1918 973 1950 Illi
997 1928 1054 1951 vos
1077 1928 1186 1951 omnes
1210 1921 1371 1962 inclinate,

965 1975 986 1997 a
1009 1975 1071 2005 quo
1094 1968 1242 2007 procedit
1265 1969 1377 2009 gratia,

919 2011 1001 2044 Eum
1027 2015 1165 2045 exaltate

967 2069 1065 2100 snper
1088 2061 1204 2101 sidera,

921 2116 983 2149 Die
1007 2126 1045 2149 ac
1068 2121 1162 2150 nocte
1185 2121 1313 2151 narrate

969 2164 1069 2204 ipsius
1094 2166 1262 2209 mirabilia,

922 2211 1003 2244 Nam
1027 2213 1233 2253 incessanter,

968 2261 1150 2293 sacerdotes
1175 2262 1314 2303 Domini,

921 2308 1065 2348 (laniate,
1088 2309 1223 2349 jubilate

969 2357 1037 2395 ejus
1061 2361 1171 2389 sancto
1197 2358 1327 2395 nomini.
