1653 2564
717 100 762 108 ,-
810 80 855 117 59
905 100 949 107 -.

799 177 866 207 86.

179 227 207 259 1-
234 229 315 267 Ave,
344 230 476 263 verbum
501 232 709 273 incarnatum,
865 236 895 267 2.
921 235 1042 267 Manna
1066 234 1147 266 roris
1172 233 1282 265 coelici

235 275 273 306 In
297 276 421 317 virgine
445 278 661 317 humanatum,
921 283 1028 321 Atque
1054 280 1192 313 dulcoris
1217 280 1345 321 mellici,

283 322 333 354 Tu
356 325 450 364 panis
475 327 671 365 mysterium.
968 328 1017 360 Tu
1040 328 1132 368 panis
1157 326 1311 361 vivificus.

237 379 286 411 Tu
310 379 423 418 planas
450 382 559 420 culpas
586 382 720 421 debitas,
920 383 1158 416 Melchisedech
1183 389 1216 416 te
1240 384 1385 424 signavit,

235 425 285 457 Tu
310 427 426 465 pandis
453 428 560 459 caulas
586 429 732 468 coelicas,
922 433 1040 464 Panem
1065 431 1172 463 vinum
1198 431 1271 462 dum
1297 431 1422 474 obtulit,

234 472 305 504 Tua
329 471 423 505 firma
447 475 620 508 aeternitas
919 480 1029 518 Agnus
1053 478 1212 518 paschalis
1237 478 1356 510 sanxiit

283 519 397 552 Manet
419 521 584 555 inviolata.
965 525 1028 557 Pro
1053 525 1144 557 nobis
1166 525 1356 559 immolatus,

234 577 281 609 Te
305 575 417 608 Helias
441 580 721 618 praemonstravit,
917 581 967 612 Tu
990 590 1048 612 nos
1072 581 1177 620 pascis
1202 580 1255 613 hic
1278 581 1431 620 carnales,

234 624 358 664 Typice
384 625 458 656 dum
482 628 516 656 te
540 625 688 665 gustavit,
917 627 985 659 Fac
1008 637 1066 659 nos
1090 628 1151 660 tibi
1176 629 1411 666 commensales,

234 671 353 703 Panem
378 671 623 704 subcinericium
921 674 1118 706 cohaeredes
1143 677 1176 706 et
1199 676 1325 707 sodales

282 719 399 751 Petens
424 719 593 759 Olympum
617 719 690 754 Dei.
967 721 1103 753 coelesti
1127 722 1160 753 in
1184 723 1299 762 patria.

253 782 340 811 Gran.
361 791 415 811 ms.
434 782 583 819 Pragense
603 784 674 812 anni
697 782 778 812 1410,
810 784 878 812 Ood.
898 785 1073 814 Altovadeu.
1095 783 1140 813 42.

610 875 647 907 111
667 876 866 908 Dedicatione
884 876 1053 908 Ecclesiae.

796 936 859 966 8ยน7.

177 994 207 1026 1.
235 992 344 1026 Omnis
370 992 471 1024 saltus
496 992 614 1025 Libani
862 995 893 1026 3.
916 994 1134 1025 Perornantur
1157 991 1298 1032 floribus,

281 1039 381 1071 multo
405 1039 555 1079 splendet
581 1040 706 1080 decore,
965 1038 1060 1071 fiores
1084 1042 1220 1080 pascunt
1244 1041 1351 1080 odore,

236 1090 263 1120 A
291 1087 372 1119 duce
394 1086 576 1127 praenobili
921 1087 1009 1119 Odor
1032 1087 1158 1126 spirans
1182 1087 1313 1119 naribus

277 1135 378 1174 regali
407 1133 493 1166 facta
512 1142 610 1173 more,
966 1142 1023 1166 nos
1049 1134 1128 1174 ligat
1151 1134 1184 1165 in
1210 1143 1326 1173 amore,

234 1182 333 1221 Quam
357 1183 464 1223 Tyrus
490 1184 522 1213 et
543 1181 688 1223 Babylon
921 1181 1051 1213 Scatent
1074 1181 1136 1214 rivi
1161 1180 1304 1224 fontium,

278 1230 351 1269 pari
376 1229 482 1261 zelant
505 1229 616 1268 livore,
967 1229 1071 1269 campi
1093 1229 1201 1261 rident
1225 1230 1338 1273 virore,

230 1277 325 1309 Hanc
348 1276 435 1310 Juda
461 1279 492 1307 et
514 1275 671 1316 Ephraim
918 1275 1041 1316 Strepit
1065 1279 1175 1308 cantus
1199 1277 1304 1309 avium

279 1327 369 1356 tanto
397 1323 504 1355 colunt
528 1324 653 1361 ardore,
966 1323 1136 1363 multiplici
1162 1332 1285 1360 canore,

232 1372 301 1404 Nec
326 1372 354 1403 si
377 1371 471 1403 Maro
496 1371 629 1409 viveret,
919 1371 984 1404 Ver
1008 1371 1054 1403 ibi
1078 1373 1275 1417 perpetuum,

283 1419 378 1459 digno
404 1418 542 1450 referret
565 1427 630 1450 ore.
966 1418 1053 1458 quies
1078 1418 1148 1450 sine
1171 1417 1291 1452 labore.

172 1478 204 1509 2.
231 1476 452 1508 Pavimentum
476 1475 614 1508 nitidum
858 1475 891 1508 4.
917 1474 1072 1514 Princeps
1097 1474 1208 1506 domus
1232 1475 1360 1507 inclitus

281 1525 431 1564 argenteo
455 1523 570 1562 colore,
965 1522 1050 1554 omni
1076 1530 1186 1554 carens
1211 1531 1345 1554 rancore

230 1572 356 1603 Aureus
382 1572 431 1602 est
454 1570 561 1611 paries
916 1568 1045 1610 Laetus,
1071 1569 1214 1609 pulcher,
1243 1570 1386 1609 dapsilis,

277 1627 342 1651 non
366 1617 513 1659 indigens
539 1618 673 1657 pictore,
964 1617 1051 1649 nullo
1076 1617 1294 1656 prudentiore,

233 1667 366 1699 Tectum
393 1666 489 1698 cedro
511 1666 639 1698 redolet
919 1664 1017 1703 Quem
1041 1662 1185 1696 infundit
1211 1664 1341 1696 coelitus

279 1713 417 1746 celatum
442 1713 527 1745 omni
550 1712 639 1752 flore,
963 1714 1057 1751 pater
1080 1720 1218 1752 superno
1244 1720 1318 1744 rore

231 1761 430 1802 Margaritae
454 1760 595 1793 renitent
916 1759 961 1791 Et
986 1759 1102 1792 ditavit
1126 1759 1241 1791 celsius

277 1816 448 1848 earumque
471 1808 645 1848 splendore
963 1807 1049 1839 omni
1072 1806 1275 1847 imperatore,

231 1857 357 1890 Lucent
382 1856 493 1888 domus
518 1856 633 1887 intima
916 1854 970 1887 Ad
994 1863 1029 1887 se
1053 1855 1153 1886 traxit
1177 1854 1282 1886 omnia

275 1904 364 1937 velut
387 1903 436 1935 sol
460 1903 493 1934 in
519 1901 656 1935 fervore.
963 1911 1019 1934 suo
1044 1901 1097 1941 pio
1123 1910 1246 1934 cruore.

601 1960 633 1992 5.
658 1958 763 1997 Hujus
788 1966 906 1998 sponsa
928 1958 1022 1990 nivea

704 2007 737 2036 et
759 2013 851 2037 roseo
873 2005 999 2044 rubore,

654 2051 786 2092 Duplici
811 2051 946 2084 victoria

707 2099 880 2131 consimilis
904 2107 1046 2137 aurorae,

654 2146 772 2179 Lactat
796 2154 903 2179 omnes
927 2147 1062 2186 populos

703 2194 878 2235 gratiarum
901 2194 1020 2234 vigore,

654 2242 796 2282 Implens
819 2241 898 2273 haec
921 2241 1041 2281 palatia

702 2289 840 2328 nuptiali
863 2289 1011 2328 candore,

656 2338 743 2378 Quae
766 2336 929 2377 suspirans
954 2336 1070 2376 gaudia

703 2392 797 2425 spero
821 2384 880 2417 sed
904 2393 975 2416 cum
998 2385 1123 2419 timore.
