1653 2566
140 207 191 241 22..
209 206 291 239 Caco
317 206 419 241 tristis
444 209 562 243 halitus

208 254 253 286 Et
276 254 474 289 flammarum
498 260 634 291 vomitus

209 301 269 333 Vel
293 301 370 343 fuga
393 304 496 337 Nesso
523 306 643 346 duplici

255 349 328 381 Non
352 350 484 391 profuit,

208 395 337 435 Geryon
362 397 537 437 Hesperius

206 442 395 483 Janitorque
421 444 550 486 Stygius

254 490 398 530 Uterque
423 490 527 524 forma
550 493 670 532 triplici

300 537 374 569 Non
398 540 523 579 terruit,

302 584 398 623 Quem
427 589 554 625 captum
579 587 680 618 tenuit

254 631 366 663 Puella
393 633 460 665 risu
485 633 632 673 simplici.

136 718 187 750 32.
202 716 323 747 Anthei
348 716 465 757 Lybici

253 763 386 795 Luctam
412 765 573 805 sustinuit,

205 810 305 843 Casus
331 811 497 850 sophistici

253 857 398 890 Fraudes
426 859 576 899 cohibuit,

254 904 377 937 Cadere
402 915 466 937 non
491 907 593 939 vetuit

252 953 318 985 Sed
343 962 424 993 quae
448 954 495 985 sic
520 955 674 994 explicuit

298 1000 422 1032 Luctae
450 1002 588 1033 nodosos
612 1010 724 1041 nexus,

205 1048 354 1079 Vincitur
379 1050 411 1079 et
436 1048 584 1092 vincitur⁷

204 1094 287 1126 Dum
312 1094 433 1126 labitur

249 1142 370 1182 Magna
394 1141 484 1175 Jovis
509 1141 635 1173 soboles

298 1190 352 1222 Ad
377 1189 461 1221 Ioles
486 1189 663 1229 amplexus,

132 1276 183 1308 4a.
200 1274 264 1306 Sed
288 1274 405 1306 Alcide
428 1272 543 1306 fortior

200 1322 381 1362 Aggredior

201 1370 343 1409 Pugnam
373 1371 485 1400 contra
510 1369 675 1409 Venerem,

200 1417 247 1449 Ut
269 1425 427 1457 superem,

200 1464 293 1496 Hanc
318 1463 414 1506 fugio,

200 1512 238 1545 In
263 1512 325 1543 hoc
350 1511 432 1543 enim
458 1511 580 1551 proelio

203 1559 369 1599 Fugiendo
395 1557 511 1590 fortius

202 1607 247 1639 Et
266 1607 379 1638 melius

249 1655 423 1694 Pugnatur,

203 1701 317 1741 Sicque
342 1701 449 1733 Venus
473 1701 621 1739 vincitur,

204 1748 287 1780 Dum
311 1747 442 1789 fugitur,

249 1795 402 1836 Fugatur.

757 114 824 152 155
876 134 921 142 -n

817 213 870 247 2b.
885 215 967 254 Jugo
993 214 1087 245 cessit
1110 215 1231 253 tenero,

887 262 1002 294 Somno
1028 260 1079 301 qui
1104 259 1230 292 letifero

933 309 1028 341 Horti
1053 308 1214 340 custodem
1239 307 1345 340 divitis

981 354 1153 395 Implicuit,

885 402 1014 434 Frontis
1039 401 1212 434 Acheloiae

886 448 992 481 Cornu
1018 448 1107 481 dedit
1131 448 1258 490 Copiae,

933 498 1032 535 Apro,
1058 497 1151 527 leone
1176 495 1302 527 domitis

978 542 1112 583 Enituit,

978 590 1118 622 Thraces
1144 598 1238 629 equos
1262 589 1376 620 imbuit

931 637 1061 670 Cruenti
1090 636 1187 667 caede
1210 636 1354 676 hospitis.

816 720 868 753 312.
882 721 993 753 Tantis
1018 720 1171 753 floruerat

929 767 1093 800 Virtutum
1117 767 1228 807 titulis,

881 816 979 855 Quem
1004 814 1130 847 blandis
1157 818 1299 846 carcerat

930 863 1042 894 Puella
1070 861 1214 899 vinculis,

928 909 1011 941 Dum
1036 908 1148 941 lambit
1172 908 1298 949 osculis,

928 956 1049 988 Nectar
1078 955 1151 986 huic
1174 955 1333 987 labellulis

977 1002 1145 1035 Venerium
1170 1002 1336 1042 propinatq

883 1050 940 1081 Vir
963 1050 1084 1081 solutus
1110 1049 1182 1080 otiis

881 1097 1025 1128 Veneriis

927 1143 1088 1175 Laborum
1112 1142 1296 1174 memoriam

975 1191 1019 1223 Et
1043 1190 1176 1231 gloriam
1199 1190 1341 1221 inclinat.

811 1275 866 1308 4b.
880 1275 997 1307 Dulces
1022 1275 1123 1307 nodos
1147 1275 1280 1308 Veneris

879 1323 924 1355 Et
948 1324 1085 1355 carceris

879 1371 995 1402 Blandi
1022 1379 1109 1402 seras
1135 1378 1252 1409 resero,

880 1417 929 1449 De
954 1421 1059 1450 cetero

878 1466 932 1497 Ad
957 1466 1022 1497 alia

878 1512 962 1544 Dum
992 1513 1144 1544 traducor
1168 1512 1284 1545 studia.

881 1560 906 1592 O
932 1560 1059 1600 Lycori,
1086 1560 1192 1592 valeas

879 1607 924 1639 Et
945 1616 1072 1649 noveas,

928 1655 1018 1694 Quod
1042 1654 1127 1694 novi,

879 1702 931 1734 Ab
957 1711 1064 1735 amore
1088 1701 1237 1741 spiritum

879 1749 1056 1782 Sollicitum

927 1797 1071 1832 Removi.

525 1880 569 1912 R<²
595 1881 696 1912 Amor
720 1879 825 1913 famae
847 1882 995 1914 meritum

640 1926 796 1970 Defiorat,

595 1976 716 2007 Amans
741 1978 866 2015 tempus
890 1977 1053 2016 perditum

641 2022 713 2054 Non
738 2023 857 2063 plorat,

595 2069 659 2102 Sed
684 2072 795 2101 tenere

593 2115 749 2148 Diffluere

593 2163 657 2196 Sub
680 2165 806 2197 Venere

640 2211 793 2245 Laborat.

211 2299 295 2327 Cant.
316 2306 369 2325 ms.
390 2297 472 2325 Petri
491 2295 527 2323 de
545 2296 669 2323 Medicis
690 2304 765 2324 saec.
788 2294 832 2324 13.
858 2297 927 2325 Cod.
947 2297 1136 2326 Laurentian.
1157 2297 1200 2324 Pl.
1221 2296 1267 2325 29.
1290 2296 1315 2325 1.
