1653 2566
710 97 947 132 -99—

174 192 205 224 3.
232 190 304 222 Non
329 191 430 232 videS,
455 193 539 232 quod
563 196 745 232 praetereat

279 238 420 270 Mundus
450 243 480 270 et
504 241 613 272 mundi
639 241 750 281 gloria,

231 286 322 325 Quod
348 284 476 318 foenum
502 288 604 319 carnis
630 291 771 319 marceat

277 332 350 364 Hac
376 334 429 366 die
452 334 691 374 peremptoria?

232 378 282 411 Sit
310 380 425 412 nobilis
450 382 501 413 vel
530 382 660 413 sordeat

231 426 346 466 Homo,
380 428 468 460 dives
496 429 543 460 vel
570 431 669 469 egeat,

233 474 376 514 Oportet,
403 476 487 515 quod
512 476 587 508 hinc
611 478 762 518 transeat,

280 522 362 553 Nam
388 531 439 554 res
466 526 514 554 est
537 523 732 557 transitoria.

252 576 334 604 Cant.
355 586 408 605 ms.
429 577 510 605 Petri
530 578 566 605 de
584 577 707 605 Medicis
728 586 803 605 saec.
828 574 872 605 13.

173 719 204 752 1.
278 719 351 751 Non
376 720 442 750 sint
466 719 554 751 vobis
580 728 655 751 cura

277 766 446 806 Temporis
471 765 590 806 futura,

230 814 364 853 Quando
390 822 487 845 senex
510 814 644 846 moritur

231 860 343 893 Infans
368 870 478 892 rursus
504 862 614 904 oritur,

277 908 366 940 Talis
393 911 442 939 est
465 911 590 940 natura.

229 955 312 995 Heu,
337 955 413 995 quid
440 955 584 996 diligitur

277 1002 368 1034 Haec
392 1011 443 1034 res
469 1003 652 1042 transitura,

233 1049 330 1089 Cujus
356 1050 417 1081 cito
443 1050 586 1089 carpitur

279 1097 387 1129 Status
411 1099 443 1128 et
467 1096 612 1128 statura?

170 1155 201 1186 2.
277 1153 386 1186 Omnis
420 1155 567 1184 creatura

277 1201 506 1240 Congregando
532 1200 635 1239 plura,

228 1249 349 1289 Timeo,
377 1248 462 1287 quod
486 1247 643 1287 perditur,

228 1296 298 1328 Vae
322 1303 430 1334 regno,
457 1295 541 1333 quod
567 1296 687 1334 regitur

275 1343 339 1375 Per
363 1340 496 1373 infantis
518 1342 601 1381 jura.

226 1389 368 1422 Simonia
394 1389 508 1420 colitur

275 1437 348 1469 Jam
374 1437 443 1467 sine
467 1444 623 1474 mensura,

228 1485 263 1518 Si
289 1486 347 1523 est,
374 1484 458 1515 sicut
483 1483 609 1522 dicitur,

272 1531 370 1563 Nulla
394 1539 471 1571 gens
496 1539 618 1562 secura.

780 661 874 691 14¹7.

858 196 889 227 4.
916 194 963 225 ΤΘ
987 193 1093 224 brevis
1119 191 1297 229 delectatio,

964 240 1076 279 Homo,
1110 241 1268 271 mereator
1290 237 1435 277 pessime,

916 288 1055 319 Aeterno
1081 287 1189 326 privat
1213 286 1329 327 gaudio

963 335 1070 374 Atque
1093 334 1185 373 punit
1206 333 1390 373 justissime,

919 382 978 420 Qui
1002 381 1088 420 turpi
1110 381 1314 413 mercimonio

915 427 1019 461 Rufae
1043 428 1137 459 lentis
1163 428 1268 460 edulio

917 476 964 507 Te
988 474 1118 507 fraudas
1143 474 1342 515 patrimonio,

966 523 1042 555 Vita
1067 523 1170 554 carnis
1195 531 1282 555 mors
1308 522 1438 553 animae.

913 577 981 605 Cod.
1002 577 1190 605 Laurentian.
1208 577 1253 604 Pl.
1276 574 1321 603 29.
1345 575 1368 603 1.

966 719 1074 752 Omnis
1098 719 1283 758 praelatura

963 766 1025 798 Est
1049 767 1117 806 agri
1143 766 1277 806 cultura,

917 813 1008 852 Date,
1035 813 1125 845 vobis
1153 813 1289 851 dabitur,

916 860 999 892 Dum
1030 869 1143 900 corpus
1170 860 1389 899 corrumpitur,

965 907 1017 939 Sic
1040 908 1133 939 docet
1157 908 1326 947 scriptura.

918 954 1069 987 Conforta
1093 963 1151 986 nos
1175 954 1282 994 igitur,

963 1001 1070 1033 Mater
1093 1001 1154 1033 Dei
1179 1010 1270 1043 pura,

916 1049 1033 1082 Contra
1057 1057 1114 1080 nos
1140 1048 1282 1087 arguitur

962 1095 1152 1134 Quaestione
1177 1096 1265 1127 dura.

962 1152 1164 1184 Praecellens
1190 1160 1207 1182 o
1233 1149 1344 1191 figura,

960 1199 1053 1231 Tolle
1080 1199 1252 1237 noscitura‚

914 1247 993 1285 Quia
1018 1255 1078 1285 per
1101 1248 1134 1277 te
1158 1246 1292 1277 solvitur

916 1294 1024 1333 Omne,
1051 1293 1135 1333 quod
1162 1292 1366 1331 delinquitur,

962 1341 986 1373 Ο
1012 1341 1101 1380 virgo
1126 1343 1237 1379 mater,
1263 1348 1356 1379 cura,

915 1386 1005 1419 Finis
1030 1388 1115 1419 vitae
1140 1387 1289 1425 cernitur,

960 1434 1011 1467 Da
1040 1434 1157 1474 gaudia
1179 1433 1295 1470 futura,

917 1482 1032 1520 Vitam,
1064 1490 1143 1521 quae
1166 1490 1228 1512 non
1252 1479 1383 1517 tollitur,

963 1530 1001 1561 In
1027 1538 1089 1569 qua
1114 1529 1196 1560 bona
1219 1528 1323 1567 plura.

243 1586 312 1615 Cod.
333 1586 362 1614 S.
384 1586 515 1614 Floriani
541 1584 584 1614 XI
604 1584 649 1613 71.
673 1594 748 1614 saec.
772 1585 815 1614 14.
838 1601 874 1605 —
893 1584 920 1620 4,
942 1584 959 1613 9
979 1586 1057 1613 bona
1076 1585 1150 1612 lura.

166 1732 196 1764 1.
223 1730 336 1770 Homo,
362 1739 418 1762 cur
445 1730 629 1770 degeneras,

273 1778 337 1811 Cur
364 1778 524 1811 Christum
550 1777 761 1817 persequeris,

224 1827 288 1859 Per
312 1835 404 1866 quem
428 1825 518 1865 prius
543 1823 651 1857 fueras

271 1874 470 1912 Redemptus
495 1872 534 1904 ab
560 1871 673 1903 inferis
683 1871 699 1903 ’.θ

222 1921 333 1963 Miser,
368 1929 432 1952 non
458 1919 652 1958 consideras,

271 1968 362 2007 Quod
394 1967 472 1998 cinis
498 1975 531 1997 es
558 1969 590 1997 et
614 1965 701 1997 cris?

223 2015 428 2053 Praevideas,

223 2062 273 2095 Ne
302 2071 417 2102 pereas

271 2110 336 2143 Sub
362 2108 482 2141 inferni
506 2107 650 2145 latebris,

220 2160 304 2191 Ama
328 2157 442 2195 Deum,

223 2207 283 2246 Qui
308 2209 341 2237 te
365 2213 452 2237 reum

269 2253 378 2294 Ejecit
406 2253 445 2284 de
469 2250 620 2283 tenebris

778 1670 874 1701 1218.

854 1731 884 1761 2.
912 1729 992 1768 Quid
1018 1727 1173 1767 proderit,
1200 1726 1228 1757 si
1252 1724 1367 1757 fecerit

959 1776 1007 1807 ΤΘ
1031 1774 1161 1806 fortuna
1186 1773 1326 1812 divitem,

914 1824 990 1856 Cum
1024 1821 1170 1862 fragilem
1200 1827 1233 1852 et
1255 1821 1384 1853 labilem

960 1871 1054 1903 Vitae
1078 1869 1168 1902 vides
1192 1869 1326 1900 limitem
1338 1875 1353 1898 ’.κ

912 1918 1098 1956 Considera,
1122 1916 1199 1956 quid
1224 1924 1379 1955 prospera

958 1965 1141 1997 Proderunt
1166 1962 1328 2002 divitibus,

913 2013 991 2045 Cum
1014 2011 1131 2051 gaudia

914 2058 1072 2093 Goelestia

958 2106 1144 2138 Amiserunt
1167 2113 1226 2144 pro
1252 2103 1375 2143 opibus,

913 2153 982 2185 Nec
1007 2155 1147 2193 erogant,

911 2201 974 2234 Sed
1005 2201 1159 2240 derogant

958 2248 1062 2280 Nudis
1089 2250 1121 2279 et
1143 2245 1364 2287 pauperibus?

239 2310 323 2337 Cant.
350 2316 403 2335 ms.
429 2306 512 2334 Petri
537 2305 572 2333 de
592 2304 716 2332 Medicis
745 2312 822 2331 saec.
849 2302 893 2332 13.
938 2303 1007 2332 Cod.
1032 2303 1222 2330 Laurentian.
1245 2301 1289 2329 Pl.
1318 2299 1364 2328 29.
1392 2299 1406 2328 1
1428 2316 1466 2319 —

161 2349 205 2377 Ob
233 2349 285 2377 das
305 2346 381 2375 Lied
405 2346 461 2373 mit
485 2344 586 2371 diesen
612 2344 682 2370 zwei
703 2341 848 2378 Strophen
873 2351 911 2370 zu
928 2342 1026 2376 Ende,
1055 2341 1124 2369 oder
1145 2341 1180 2368 ob
1207 2341 1260 2367 wir
1280 2340 1366 2367 einen
1385 2340 1477 2367 Torso

161 2388 266 2421 haben,
287 2387 330 2414 ist
347 2383 533 2412 zweifelhaft.

1262 2424 1303 2454 7*
