1653 2564
746 88 977 122 ,84-

214 183 246 214 3.
273 182 337 214 Hic
361 185 426 214 tres
451 182 521 213 auri
542 182 648 213 munio
891 182 925 215 4.
950 182 1002 214 Ex
1027 183 1094 222 ejus
1119 183 1230 214 tumba
1252 183 1322 216 fluit

317 229 442 261 Puellas
467 238 486 260 a
509 227 639 260 fornicis
998 230 1198 261 Incessanter
1222 231 1334 270 oleum,

272 274 420 307 Retraxit
445 275 615 314 opprobrio
954 275 1044 313 Quod
1070 276 1196 307 omnino
1224 276 1360 308 destruit

316 322 386 353 Nec
409 331 472 353 non
497 323 591 361 atque
615 322 739 354 clericis
997 321 1128 353 Doloris
1156 323 1300 354 aculeum

317 369 355 401 In
381 369 472 401 domo
499 368 654 401 carnificis
996 368 1128 412 Horum,
1156 369 1209 409 qui
1233 370 1295 409 piis
1321 378 1390 401 eum

365 416 422 448 Pie
445 416 593 448 subveni‘c
615 415 728 448 tribus.
1042 416 1264 455 Depreoantur
1284 417 1453 451 mentibus

609 493 640 524 5.
666 491 843 523 Exoremus
868 490 1037 522 Dominum

710 539 817 578 Atque
841 546 947 577 regem
968 539 1116 580 omnium,

661 585 721 624 Qui
744 594 806 616 non
831 585 929 617 habet
953 586 1130 626 terminum,

708 631 753 665 Ut
778 632 820 664 ad
843 633 911 673 poli
936 632 1052 664 civium

709 678 775 711 Nos
799 680 957 719 perducat
978 679 1127 719 gaudium

756 725 881 758 Nicolai
904 727 1063 766 precibus.

287 818 356 846 Cod.
377 820 502 847 Parisin.
522 818 570 854 (ol.
592 819 828 856 Sandionysian.)
849 818 953 848 15131.
974 828 1050 848 saec·
1073 818 1116 848 13.

819 976 912 1009 124.

211 1065 242 1098 1.
268 1064 331 1097 Hie
359 1064 482 1105 fulgens
506 1066 676 1099 virtutibus
892 1068 925 1099 4.
950 1066 1029 1105 Ejus
1056 1068 1171 1107 puellis
1196 1068 1297 1101 ‘tribus

273 1112 325 1144 Ab
351 1112 441 1144 annis
465 1113 635 1154 prioribus,
950 1111 1027 1145 Fuit
1052 1118 1084 1146 et
1102 1115 1272 1154 Juvenibus

320 1159 423 1191 Corde
446 1161 500 1199 pio
997 1162 1180 1200 compassio

320 1206 446 1246 Jejunio
997 1208 1163 1241 Praesidio

365 1254 491 1293 Incepit
513 1262 548 1285 se
573 1254 701 1289 donare.
1046 1256 1211 1289 Carnificis
1234 1257 1268 1288 in
1293 1257 1370 1290 lare.

217 1341 248 1372 2.
274 1338 356 1372 Inde
377 1340 506 1378 placens
531 1339 675 1372 omnibus
892 1341 922 1372 5.
949 1339 1013 1372 Hie
1038 1340 1109 1372 aliis
1134 1341 1279 1381 pluribus

270 1386 354 1424 Vita,
381 1394 484 1425 sensu,
510 1386 650 1418 moribus
947 1387 1123 1420 Decoratus
1148 1389 1271 1420 actibus

318 1433 433 1472 Myrae
459 1433 510 1464 dio
998 1435 1141 1467 obnoxio

319 1479 455 1512 Consilio
995 1482 1171 1514 Praeconio

362 1527 482 1559 Meruit
506 1527 669 1560 antistare.
1043 1528 1166 1568 Dignus
1191 1532 1239 1560 est
1263 1530 1374 1563 emicai
1382 1540 1410 1565 e.

213 1614 244 1646 3.
270 1611 333 1644 Hie
357 1612 565 1644 esurientibus
891 1614 921 1646 6.
947 1612 1027 1651 Ejus
1052 1612 1160 1645 tumba
1184 1614 1329 1653 gentibus

268 1660 318 1691 Ae
340 1659 444 1690 nautis
470 1660 677 1692 clamantibus
947 1660 1083 1692 Praebet
1109 1660 1340 1693 confidentibus

316 1707 354 1738 In
380 1706 472 1738 obvio
995 1708 1033 1739 In
1058 1707 1150 1746 hagio

314 1752 489 1793 Naufragio
995 1754 1143 1786 subsidio

364 1800 518 1832 Subvenit
540 1800 656 1832 sedans
680 1808 775 1832 mare.
1042 1802 1151 1834 Oleum
1176 1802 1324 1835 salutare.

607 1877 639 1908 7.
666 1875 810 1908 Christus
835 1884 909 1916 ergo
936 1876 1079 1909 dulcibus

662 1922 749 1955 Velit
773 1923 839 1962 ejus
863 1924 1011 1963 precibus

706 1970 843 2011 Egregio

708 2017 831 2051 Palatio

754 2064 821 2097 Nos
851 2066 930 2097 coeli
955 2066 1120 2099 collocare.

604 2113 648 2145 R⁰
661 2111 787 2144 Nicolai
811 2113 959 2147 laudibus

661 2158 738 2190 Cum
762 2160 877 2198 gaudio

659 2205 786 2240 Eximio

706 2252 773 2284 Nos
796 2253 889 2284 decet
907 2262 1090 2286 convacare.

288 2336 356 2364 Ood.
376 2336 504 2365 Parisin.
524 2335 573 2371 (01.
596 2334 833 2371 Sandionysian.)
853 2333 959 2364 15131.
980 2345 1055 2366 saec.
1077 2336 1122 2365 13.
