1653 2564
213 347 266 379 35.

213 581 268 613 40.

279 1002 390 1041 Epulis
953 1003 996 1036 Hi
1021 1004 1132 1042 paleae
1156 1003 1273 1034 luteres
1298 1004 1414 1036 lateres

233 1052 263 1082 5.
280 1048 399 1081 Calices
952 1049 1102 1084 Inficiunt

280 1095 456 1135 Geminant,
954 1097 1027 1128 Yias
1053 1097 1150 1129 bonas
1175 1099 1308 1137 veteres,

276 1144 315 1175 In
334 1143 474 1175 lacrimis
953 1144 977 1177 O
1002 1144 1119 1175 misera
1145 1144 1283 1176 conditio
1307 1147 1497 1182 magnatum,

275 1191 420 1222 Fruticcs
883 1192 937 1223 40.
952 1191 1015 1223 Tot
1038 1191 1141 1231 capita
1163 1191 1417 1229 phantasmatum

277 1236 447 1273 Seminant,
951 1237 1148 1271 obumbrant
1173 1238 1303 1277 cineres,

207 1284 223 1317 1
231 1284 260 1317 Ο,
272 1284 309 1315 In
316 1284 476 1315 cathedris
485 1292 553 1315 cum
559 1284 579 1316 J
581 1292 639 1316 ove
645 1284 820 1323 fulminant,
951 1285 1057 1317 Triste
1081 1285 1256 1324 sabbatum,

274 1331 320 1363 Ut
340 1331 465 1370 judices
949 1332 1059 1364 Pallor
1084 1332 1241 1363 climatum

275 1378 320 1410 Et
343 1378 485 1410 vindices
951 1380 986 1410 Iu
1013 1377 1095 1410 facie

276 1425 471 1466 Hypocritae
495 1424 653 1464 supplices
879 1427 934 1458 45.
949 1427 1041 1458 Patet

274 1472 319 1504 Et
342 1472 501 1512 simplices
947 1472 992 1504 Et
1015 1472 1115 1503 macie

208 1520 261 1551 15.
274 1519 457 1558 Nominum,
949 1519 1152 1558 Simplicitas,

276 1566 338 1598 Sed
366 1566 517 1608 duplices,
949 1567 987 1598 ln
1010 1566 1112 1597 animo
1138 1567 1217 1597 latet

274 1614 332 1653 Qui
358 1613 511 1653 divinant,
949 1612 1146 1653 Duplicitas3

272 1661 309 1692 In
335 1660 463 1693 sedibus
487 1662 662 1699 munerant,
880 1661 922 1693 50
950 1660 973 1692 O
996 1660 1122 1699 veritas,

273 1708 324 1739 Ad
349 1707 455 1739 oeulos
950 1710 1037 1745 Quae
1060 1707 1118 1738 sub
1142 1705 1227 1738 nube
1249 1707 1367 1745 lalitas,

204 1755 257 1787 20.
272 1754 407 1786 Loculos
950 1755 973 1787 O
998 1753 1132 1793 bonitas,

272 1801 417 1842 Singulos
949 1801 1116 1834 Possideat

274 1850 452 1892 Ruminant,
948 1848 1056 1880 Timor
1080 1847 1273 1891 hypocritas,

271 1897 427 1928 Aculeum
882 1899 936 1929 55.
951 1895 1001 1927 Ne
1023 1898 1137 1927 noceat.

271 1945 414 1976 Felleum
949 1943 1076 1982 Duplex
1100 1942 1258 1983 iniquum,

200 1992 255 2024 25.
271 1991 338 2023 Mel
358 1991 538 2032 propinant,
947 1990 1074 2029 Duplex
1099 1989 1237 2029 falsita53

270 2038 478 2078 Lubrificant,
948 2038 972 2071 O
999 2038 1124 2077 caritas,

269 2085 444 2117 Fabricant
948 2085 1084 2118 Semitas

270 2132 425 2164 Errorum
451 2133 575 2164 codices
879 2132 1094 2173 60.Abditas,

270 2178 313 2210 Et
337 2178 435 2211 facies
952 2180 1039 2211 Vitas

201 2226 255 2259 30.
269 2225 348 2257 Suas
375 2227 593 2268 exterminant,
947 2226 1080 2258 Debitas

271 2272 466 2312 Libidinum,
948 2273 1097 2312 Cognitas

271 2319 443 2351 Criminum
946 2320 1069 2351 Doceas
1096 2323 1128 2351 et,
1150 2320 1286 2353 habitas.

284 159 425 192 Praesuli
452 159 643 191 collateralis

281 207 397 238 Asinus
424 206 604 245 consulitur,

282 253 337 285 Illi
361 253 510 293 creditur,

285 300 472 338 cardinalis,

282 347 340 378 Vir
363 346 496 378 Latialis

281 393 382 425 Donis
408 393 530 435 emitur,

281 439 502 479 Exstinguitur

280 486 351 518 Lux
376 486 583 518 sacerdotalis

279 532 322 564 Et
344 542 421 573 grex
446 532 598 565 oberrans

283 579 470 612 Offenditur.

281 627 474 666 Capricorno
498 626 668 665 pastoralis

279 674 388 706 Honor
409 673 500 705 hodic

959 159 1180 202 Committitur,

958 206 1119 245 Spiritalis

888 255 944 287 45.
960 253 1055 285 Cibus
1081 253 1226 294 exigitur,

957 300 1015 339 Qui
1041 309 1110 331 cum
1135 301 1299 339 sepultura

959 347 1077 378 Venum
1102 347 1251 380 traditur.

955 393 1042 433 Ergo
1066 394 1202 425 nummis

955 440 1066 473 Honor
1089 440 1286 480 impenditur

886 489 941 521 50.
953 487 997 520 Et
1017 488 1113 519 realis

954 534 998 567 Et
1022 535 1150 573 vocalis,

955 581 1002 613 Et
1027 581 1209 613 destituitur

955 627 1033 668 Lex,
1061 638 1153 669 quam
1180 628 1314 659 dederat

1003 675 1166 707 Dominus.

284 728 366 755 Cant.
386 736 427 756 ms
459 728 537 756 Petri
557 729 592 756 dc
611 728 735 756 Medicis
755 737 830 758 saec.
852 728 894 758 13.
935 729 1004 757 Ood.
1027 730 1216 758 Laurentian.
1237 730 1281 757 Pl.
1302 728 1347 756 29.
1370 728 1396 757 1.

792 806 915 841 XX1X.

279 861 484 901 Hypocritae‚
511 861 808 903 pseudopontifices,

278 908 442 940 Ecclesiae
468 909 537 940 duri
565 908 738 948 carnifices,

279 956 314 987 ln
341 956 479 995 crapulis

954 861 1113 903 Artifices,
1142 862 1319 895 diminuunt

955 910 1101 942 Pondera
1124 912 1263 941 staterae

885 959 939 991 35.
954 956 1090 990 Judiciis
1115 956 1298 996 opprimunt,
1319 964 1487 996 pauperes,

277 2373 359 2401 Cant.
379 2382 433 2401 ms.
452 2374 531 2401 Petri
553 2374 588 2401 de
606 2373 729 2401 Medicis
753 2381 827 2401 saec.
852 2371 894 2400 13.
936 2374 1006 2401 Cod.
1028 2374 1217 2402 Laui-cutiam.
1241 2376 1285 2402 Pl.
1308 2374 1354 2404 29.
1378 2375 1402 2403 1.
