1653 2564
736 120 990 154 —110—

236 217 287 248 3a.
312 215 398 247 Fons
424 216 471 246 est
495 213 589 252 vitae,

366 269 526 301 nunquam
551 259 685 303 deficiet,

319 308 450 347 Semper
472 305 572 338 fluens

362 362 487 394 semper
511 354 664 385 scaturiet

408 401 449 433 Se
472 400 628 440 praebens
653 401 805 435 omnibus.

236 488 286 519 4a.
314 486 348 518 Si
373 485 564 518 festinavero

314 533 359 565 Et
382 541 595 573 properavero

361 580 425 612 Vas
451 588 552 619 capax
576 579 697 619 gratiae

311 674 483 706 Exorando
510 700 516 709 .
546 700 552 706 .
582 700 588 706 .
618 703 624 709 ,

358 721 496 754 Matrem
521 721 714 763 clementiae,

402 768 534 800 Devotis
559 768 709 807 precibus

232 854 281 885 5a.
308 852 574 893 Ingratitudinem

362 899 482 932 delebit
505 900 617 940 gratia,

310 946 587 979 Mansuetudinem

360 994 553 1025 Praetendet
576 992 642 1025 filia

405 1041 670 1074 MansuetudiniS.

230 1126 281 1158 6a.
306 1125 403 1165 Ergo,
429 1124 518 1164 virgo
543 1125 606 1164 pia,

312 1171 453 1212 Suscipe,
483 1171 598 1211 Maria,

354 1219 481 1258 MunuS,
508 1227 562 1250 cor
587 1228 737 1257 amarum,

312 1266 384 1298 Non
406 1267 472 1305 jam
496 1265 606 1297 laudes
632 1266 742 1306 condo,

309 1312 373 1344 Sed
397 1320 523 1353 gemens
547 1312 670 1344 effundo

355 1360 453 1392 Rivos
478 1360 689 1401 lacrimarum,

229 1446 277 1477 72„
302 1444 348 1477 Ut
372 1445 511 1477 salvatus

354 1492 393 1523 de
417 1492 527 1523 mortis
551 1492 696 1523 manibus

304 1539 349 1571 Et
371 1539 540 1571 mundatus

352 1587 382 1618 A
408 1586 528 1618 cunctis
552 1586 699 1618 sordibus

400 1634 469 1665 Tua
493 1633 606 1673 grandi
629 1634 741 1673 gratia,

277 1716 345 1744 Cod.
365 1717 527 1744 Londinen.
547 1717 618 1752 Reg.
639 1716 655 1744 7
673 1717 699 1744 A
718 1717 768 1744 VI.
802 1725 876 1744 saec.
897 1715 971 1745 ¹4l15.

201 2029 231 2061 1.
258 2028 405 2069 Suspirat
427 2028 568 2072 spiritus,

299 2076 478 2108 Murmurat
500 2076 592 2116 ratio,

255 2123 436 2163 Erumpunt
458 2123 600 2162 gemitus,

304 2171 453 2209 Querelas
479 2170 591 2210 audi03

256 2217 325 2255 Dic,
352 2218 454 2257 homo,
480 2217 643 2255 praeditus

301 2264 420 2296 Mentis
444 2263 588 2303 arbitrio,

259 2310 322 2342 Cur
346 2314 433 2343 taces
455 2310 600 2342 subditus

305 2357 415 2389 Carnis
437 2356 607 2398 contagio?

805 1924 901 1954 163.

911 214 963 247 3b.

911 486 965 519 41).

911 853 963 887 5b.

907 1126 959 1159 6b,

906 1447 958 1479 7b.

990 214 1155 246 Sitientem

1038 264 1175 293 assumet
1199 263 1295 306 ebria,

993 308 1037 340 Et
1062 311 1203 340 arentem

1040 355 1158 395 rigabit
1179 356 1289 394 pluvia

1082 402 1209 434 Lavans
1231 413 1253 434 a
1277 404 1434 437 sordibus,

991 486 1234 519 Misericordiae

992 533 1126 565 Flumen
1152 535 1285 566 eximiae

1038 580 1111 613 Non
1135 581 1219 613 sinet
1241 590 1373 613 vacuum

990 628 1114 659 Flentis
1138 629 1302 668 angustiae

992 675 1164 714 Compassa
1187 676 1283 707 nimie

1036 722 1136 754 Dabit
1158 723 1321 763 irriguum.

1083 770 1184 809 Aquis
1210 769 1407 803 coelestibus,

990 853 1072 885 Nam
1096 854 1298 886 miserebitur

1039 901 1272 940 Misericordia,

987 947 1056 979 Nec
1081 948 1292 979 continebitur

1036 995 1074 1026 In
1097 995 1264 1027 iracundia

1084 1042 1223 1073 Torrens
1249 1042 1435 1075 dulcedinis.

987 1126 1104 1159 Sordes
1127 1127 1283 1158 scelerum

987 1173 1127 1213 Tergens
1155 1174 1316 1207 vulnerum

1035 1221 1085 1252 Ac
1109 1221 1288 1260 divisiones,

987 1267 1059 1299 Sint
1083 1276 1122 1299 ex
1144 1268 1243 1299 oculis

985 1315 1091 1354 Aptae
1113 1315 1244 1354 singulis

1033 1362 1140 1403 Plagis
1164 1362 1338 1394 unctiones.

984 1447 1113 1478 Violare

1032 1493 1163 1525 Pactum
1186 1502 1249 1524 non
1274 1502 1395 1533 verear,

986 1539 1049 1572 Sed
1073 1540 1205 1572 laudare

1030 1587 1076 1618 Te
1100 1595 1225 1626 semper
1249 1595 1372 1618 merear

1080 1634 1157 1666 Cum
1185 1634 1303 1666 sanctis
1328 1635 1361 1665 in
1386 1634 1497 1674 gloria.

877 2031 908 2064 2.
934 2030 1059 2063 Natura
1084 2030 1212 2073 duplici,

980 2077 1093 2116 Homo,
1120 2078 1326 2118 componeris,

934 2124 985 2156 Ex
1010 2127 1103 2164 parte
1127 2125 1265 2166 simplici

981 2171 1050 2203 Deo
1076 2172 1285 2212 conjungeris,

937 2217 1014 2249 Cum
1040 2227 1113 2259 ergo
1138 2219 1252 2259 subjici

985 2264 1079 2297 Carni
1103 2269 1137 2297 te
1154 2267 1285 2306 pateris,

935 2311 1088 2344 Sordibus
1112 2312 1208 2354 affici,

982 2359 1114 2393 Brutum
1140 2354 1287 2393 efficeris.
