<?xml version="1.0" encoding="UTF-8"?>
<!DOCTYPE html PUBLIC "-//W3C//DTD XHTML 1.0 Transitional//EN"
    "http://www.w3.org/TR/xhtml1/DTD/xhtml1-transitional.dtd">
<html xmlns="http://www.w3.org/1999/xhtml" xml:lang="en" lang="en">
 <head>
  <title>
</title>
<meta http-equiv="Content-Type" content="text/html;charset=utf-8" />
  <meta name='ocr-system' content='tesseract 3.04.00' />
  <meta name='ocr-capabilities' content='ocr_page ocr_carea ocr_par ocr_line ocrx_word'/>
</head>
<body>
  <div class='ocr_page' id='page_1' title='image "./analectahymnica21drevuoft_00078.png"; bbox 0 0 1653 2566; ppageno 0'>
   <div class='ocr_carea' id='block_1_1' title="bbox 656 100 889 136">
    <p class='ocr_par' dir='ltr' id='par_1_1' title="bbox 656 100 889 136">
     <span class='ocr_line' id='line_1_1' title="bbox 656 100 889 136; baseline -0.004 -10"><span class='ocrx_word' id='word_1_1' title='bbox 656 100 889 136; x_wconf 71' lang='lat'><strong>—77-</strong></span> 
     </span>
    </p>
   </div>
   <div class='ocr_carea' id='block_1_2' title="bbox 119 193 1382 1159">
    <p class='ocr_par' dir='ltr' id='par_1_2' title="bbox 121 193 1308 286">
     <span class='ocr_line' id='line_1_2' title="bbox 121 193 1219 239; baseline -0.001 -14"><span class='ocrx_word' id='word_1_2' title='bbox 121 194 152 226; x_wconf 83' lang='lat'>3.</span> <span class='ocrx_word' id='word_1_3' title='bbox 180 194 252 225; x_wconf 81' lang='lat' dir='ltr'>Non</span> <span class='ocrx_word' id='word_1_4' title='bbox 277 203 328 226; x_wconf 92' lang='lat' dir='ltr'>me</span> <span class='ocrx_word' id='word_1_5' title='bbox 352 204 481 235; x_wconf 84' lang='lat' dir='ltr'>possum</span> <span class='ocrx_word' id='word_1_6' title='bbox 507 197 668 229; x_wconf 84' lang='lat' dir='ltr'>continere</span> <span class='ocrx_word' id='word_1_7' title='bbox 804 197 836 229; x_wconf 91' lang='lat'>5.</span> <span class='ocrx_word' id='word_1_8' title='bbox 863 197 887 229; x_wconf 96' lang='grc' dir='ltr'><strong>Ο</strong></span> <span class='ocrx_word' id='word_1_9' title='bbox 914 196 1027 239; x_wconf 83' lang='lat' dir='ltr'>Maria,</span> <span class='ocrx_word' id='word_1_10' title='bbox 1054 193 1118 228; x_wconf 88' lang='lat' dir='ltr'>noli</span> <span class='ocrx_word' id='word_1_11' title='bbox 1143 193 1219 225; x_wconf 87' lang='lat' dir='ltr'>flere</span> 
     </span>
     <span class='ocr_line' id='line_1_3' title="bbox 227 240 1308 286; baseline -0.001 -13"><span class='ocrx_word' id='word_1_12' title='bbox 227 241 296 273; x_wconf 81' lang='lat' dir='ltr'>Nec</span> <span class='ocrx_word' id='word_1_13' title='bbox 321 251 447 275; x_wconf 82' lang='lat' dir='ltr'>cessare</span> <span class='ocrx_word' id='word_1_14' title='bbox 471 244 578 286; x_wconf 89' lang='lat' dir='ltr'>debes,</span> <span class='ocrx_word' id='word_1_15' title='bbox 911 244 980 275; x_wconf 83' lang='lat' dir='ltr'>Nee</span> <span class='ocrx_word' id='word_1_16' title='bbox 1009 247 1041 276; x_wconf 87' lang='lat' dir='ltr'>te</span> <span class='ocrx_word' id='word_1_17' title='bbox 1064 242 1135 283; x_wconf 86' lang='lat' dir='ltr'>plus</span> <span class='ocrx_word' id='word_1_18' title='bbox 1159 240 1308 281; x_wconf 82' lang='lat' dir='ltr'>affligere,</span> 
     </span>
    </p>

    <p class='ocr_par' dir='ltr' id='par_1_3' title="bbox 181 286 1306 429">
     <span class='ocr_line' id='line_1_4' title="bbox 181 286 1279 332; baseline 0.001 -13"><span class='ocrx_word' id='word_1_19' title='bbox 181 286 313 328; x_wconf 80' lang='lat' dir='ltr'>Semper</span> <span class='ocrx_word' id='word_1_20' title='bbox 338 290 409 323; x_wconf 89' lang='lat' dir='ltr'>volo</span> <span class='ocrx_word' id='word_1_21' title='bbox 435 292 545 324; x_wconf 83' lang='lat' dir='ltr'>Jesum</span> <span class='ocrx_word' id='word_1_22' title='bbox 568 290 656 332; x_wconf 86' lang='lat' dir='ltr'>fiere,</span> <span class='ocrx_word' id='word_1_23' title='bbox 864 292 1038 324; x_wconf 77' lang='lat' dir='ltr'>Resurrexi</span> <span class='ocrx_word' id='word_1_24' title='bbox 1062 289 1170 322; x_wconf 82' lang='lat' dir='ltr'><strong>vivens</strong></span> <span class='ocrx_word' id='word_1_25' title='bbox 1196 297 1279 330; x_wconf 90' lang='lat' dir='ltr'>vere,</span> 
     </span>
     <span class='ocr_line' id='line_1_5' title="bbox 229 335 1299 380; baseline 0 -13"><span class='ocrx_word' id='word_1_26' title='bbox 229 335 312 368; x_wconf 83' lang='lat' dir='ltr'>Nam</span> <span class='ocrx_word' id='word_1_27' title='bbox 337 347 445 369; x_wconf 84' lang='lat' dir='ltr'>amore</span> <span class='ocrx_word' id='word_1_28' title='bbox 468 339 611 380; x_wconf 83' lang='lat' dir='ltr'>langueo,</span> <span class='ocrx_word' id='word_1_29' title='bbox 911 338 974 370; x_wconf 87' lang='lat' dir='ltr'>Sed</span> <span class='ocrx_word' id='word_1_30' title='bbox 1000 338 1064 370; x_wconf 91' lang='lat' dir='ltr'>noli</span> <span class='ocrx_word' id='word_1_31' title='bbox 1086 345 1136 368; x_wconf 92' lang='lat' dir='ltr'>me</span> <span class='ocrx_word' id='word_1_32' title='bbox 1159 338 1299 377; x_wconf 83' lang='lat' dir='ltr'>tangere,</span> 
     </span>
     <span class='ocr_line' id='line_1_6' title="bbox 227 383 1306 429; baseline -0.001 -15"><span class='ocrx_word' id='word_1_33' title='bbox 227 383 326 427; x_wconf 90' lang='lat' dir='ltr'>Heus,</span> <span class='ocrx_word' id='word_1_34' title='bbox 353 385 511 417; x_wconf 82' lang='lat' dir='ltr'>sublatum</span> <span class='ocrx_word' id='word_1_35' title='bbox 534 386 637 429; x_wconf 83' lang='lat' dir='ltr'>video,</span> <span class='ocrx_word' id='word_1_36' title='bbox 909 386 963 417; x_wconf 87' lang='lat' dir='ltr'>Ad</span> <span class='ocrx_word' id='word_1_37' title='bbox 987 388 1110 424; x_wconf 88' lang='lat' dir='ltr'>patrem</span> <span class='ocrx_word' id='word_1_38' title='bbox 1135 383 1306 415; x_wconf 85' lang='lat' dir='ltr'>ascendere</span> 
     </span>
    </p>

    <p class='ocr_par' dir='ltr' id='par_1_4' title="bbox 180 430 1356 475">
     <span class='ocr_line' id='line_1_7' title="bbox 180 430 1356 475; baseline 0 -15"><span class='ocrx_word' id='word_1_39' title='bbox 180 431 240 468; x_wconf 54' lang='lat' dir='ltr'>(Qui</span> <span class='ocrx_word' id='word_1_40' title='bbox 264 431 388 463; x_wconf 75' lang='lat' dir='ltr'>solebat</span> <span class='ocrx_word' id='word_1_41' title='bbox 411 441 463 463; x_wconf 88' lang='lat' dir='ltr'>me</span> <span class='ocrx_word' id='word_1_42' title='bbox 489 433 622 475; x_wconf 81' lang='lat' dir='ltr'>docere3</span> <span class='ocrx_word' id='word_1_43' title='bbox 865 432 1013 464; x_wconf 81' lang='lat' dir='ltr'>Nondum</span> <span class='ocrx_word' id='word_1_44' title='bbox 1038 434 1137 473; x_wconf 86' lang='lat' dir='ltr'>potes,</span> <span class='ocrx_word' id='word_1_45' title='bbox 1163 439 1214 462; x_wconf 90' lang='lat' dir='ltr'>me</span> <span class='ocrx_word' id='word_1_46' title='bbox 1236 430 1356 468; x_wconf 86' lang='lat' dir='ltr'>videre,</span> 
     </span>
    </p>

    <p class='ocr_par' dir='ltr' id='par_1_5' title="bbox 180 476 1343 660">
     <span class='ocr_line' id='line_1_8' title="bbox 180 476 1343 521; baseline -0.001 -13"><span class='ocrx_word' id='word_1_47' title='bbox 180 476 266 520; x_wconf 86' lang='lat' dir='ltr'>Jesu,</span> <span class='ocrx_word' id='word_1_48' title='bbox 294 478 386 519; x_wconf 84' lang='lat' dir='ltr'>bone,</span> <span class='ocrx_word' id='word_1_49' title='bbox 412 480 574 519; x_wconf 89' lang='lat' dir='ltr'>miserere,</span> <span class='ocrx_word' id='word_1_50' title='bbox 862 479 962 511; x_wconf 83' lang='lat' dir='ltr'><strong>Fides</strong></span> <span class='ocrx_word' id='word_1_51' title='bbox 989 480 1087 521; x_wconf 82' lang='lat' dir='ltr'><strong>deest,</strong></span> <span class='ocrx_word' id='word_1_52' title='bbox 1112 478 1201 509; x_wconf 87' lang='lat' dir='ltr'>illam</span> <span class='ocrx_word' id='word_1_53' title='bbox 1228 485 1343 517; x_wconf 80' lang='lat' dir='ltr'>quaere</span> 
     </span>
     <span class='ocr_line' id='line_1_9' title="bbox 225 524 1283 565; baseline 0 -9"><span class='ocrx_word' id='word_1_54' title='bbox 225 524 349 556; x_wconf 78' lang='lat' dir='ltr'>Facere</span> <span class='ocrx_word' id='word_1_55' title='bbox 374 526 451 565; x_wconf 84' lang='lat' dir='ltr'>quid</span> <span class='ocrx_word' id='word_1_56' title='bbox 477 525 599 558; x_wconf 74' lang='lat' dir='ltr'>debeo?</span> <span class='ocrx_word' id='word_1_57' title='bbox 911 526 955 558; x_wconf 86' lang='lat' dir='ltr'>Et</span> <span class='ocrx_word' id='word_1_58' title='bbox 978 527 1025 557; x_wconf 85' lang='lat' dir='ltr'>sie</span> <span class='ocrx_word' id='word_1_59' title='bbox 1047 526 1141 558; x_wconf 85' lang='lat' dir='ltr'>Petro</span> <span class='ocrx_word' id='word_1_60' title='bbox 1168 525 1283 565; x_wconf 85' lang='lat' dir='ltr'>dicere,</span> 
     </span>
     <span class='ocr_line' id='line_1_10' title="bbox 227 571 1329 613; baseline -0.001 -10"><span class='ocrx_word' id='word_1_61' title='bbox 227 571 329 613; x_wconf 84' lang='lat' dir='ltr'>Nunc,</span> <span class='ocrx_word' id='word_1_62' title='bbox 356 575 392 604; x_wconf 85' lang='lat' dir='ltr'>ut</span> <span class='ocrx_word' id='word_1_63' title='bbox 420 574 577 612; x_wconf 86' lang='lat' dir='ltr'>quondam</span> <span class='ocrx_word' id='word_1_64' title='bbox 602 574 697 613; x_wconf 84' lang='lat' dir='ltr'>soleo,</span> <span class='ocrx_word' id='word_1_65' title='bbox 912 574 1001 612; x_wconf 80' lang='lat' dir='ltr'>Quod</span> <span class='ocrx_word' id='word_1_66' title='bbox 1025 582 1075 605; x_wconf 90' lang='lat' dir='ltr'>me</span> <span class='ocrx_word' id='word_1_67' title='bbox 1099 572 1188 604; x_wconf 88' lang='lat' dir='ltr'>vides</span> <span class='ocrx_word' id='word_1_68' title='bbox 1213 572 1329 607; x_wconf 81' lang='lat' dir='ltr'>vivere,</span> 
     </span>
     <span class='ocr_line' id='line_1_11' title="bbox 227 619 1171 660; baseline 0.003 -10"><span class='ocrx_word' id='word_1_69' title='bbox 227 619 274 650; x_wconf 89' lang='lat' dir='ltr'>Te</span> <span class='ocrx_word' id='word_1_70' title='bbox 298 629 360 651; x_wconf 88' lang='lat' dir='ltr'>non</span> <span class='ocrx_word' id='word_1_71' title='bbox 384 620 488 652; x_wconf 85' lang='lat' dir='ltr'>video.</span> <span class='ocrx_word' id='word_1_72' title='bbox 913 621 1001 652; x_wconf 82' lang='lat' dir='ltr'>Vade</span> <span class='ocrx_word' id='word_1_73' title='bbox 1025 628 1171 660; x_wconf 79' lang='lat' dir='ltr'>propere.</span> 
     </span>
    </p>

    <p class='ocr_par' dir='ltr' id='par_1_6' title="bbox 119 693 1319 782">
     <span class='ocr_line' id='line_1_12' title="bbox 119 693 1319 738; baseline -0.001 -12"><span class='ocrx_word' id='word_1_74' title='bbox 119 696 151 726; x_wconf 79' lang='lat'>4.</span> <span class='ocrx_word' id='word_1_75' title='bbox 180 693 366 738; x_wconf 82' lang='lat' dir='ltr'>Hortulane,</span> <span class='ocrx_word' id='word_1_76' title='bbox 401 697 428 727; x_wconf 88' lang='lat' dir='ltr'>si</span> <span class='ocrx_word' id='word_1_77' title='bbox 453 696 562 728; x_wconf 86' lang='lat' dir='ltr'>vidisti</span> <span class='ocrx_word' id='word_1_78' title='bbox 806 695 837 728; x_wconf 90' lang='grc'>6.</span> <span class='ocrx_word' id='word_1_79' title='bbox 864 695 999 738; x_wconf 82' lang='lat' dir='ltr'>Raboni‚</span> <span class='ocrx_word' id='word_1_80' title='bbox 1024 697 1090 735; x_wconf 78' lang='lat' dir='ltr'>J&#39;am</span> <span class='ocrx_word' id='word_1_81' title='bbox 1115 696 1188 725; x_wconf 91' lang='lat' dir='ltr'>sunt</span> <span class='ocrx_word' id='word_1_82' title='bbox 1209 696 1319 725; x_wconf 80' lang='lat' dir='ltr'>exorta</span> 
     </span>
     <span class='ocr_line' id='line_1_13' title="bbox 226 741 1261 782; baseline -0.002 -8"><span class='ocrx_word' id='word_1_83' title='bbox 226 742 333 782; x_wconf 89' lang='lat' dir='ltr'>Illum,</span> <span class='ocrx_word' id='word_1_84' title='bbox 359 745 431 782; x_wconf 85' lang='lat' dir='ltr'>post</span> <span class='ocrx_word' id='word_1_85' title='bbox 455 752 547 782; x_wconf 86' lang='lat' dir='ltr'>quem</span> <span class='ocrx_word' id='word_1_86' title='bbox 572 744 713 782; x_wconf 87' lang='lat' dir='ltr'>mussito,</span> <span class='ocrx_word' id='word_1_87' title='bbox 911 744 997 775; x_wconf 85' lang='lat' dir='ltr'>Vera</span> <span class='ocrx_word' id='word_1_88' title='bbox 1020 741 1111 774; x_wconf 88' lang='lat' dir='ltr'>nobis</span> <span class='ocrx_word' id='word_1_89' title='bbox 1137 741 1261 781; x_wconf 82' lang='lat' dir='ltr'>gaudia,</span> 
     </span>
    </p>

    <p class='ocr_par' dir='ltr' id='par_1_7' title="bbox 178 788 1371 924">
     <span class='ocr_line' id='line_1_14' title="bbox 178 788 1371 833; baseline -0.001 -13"><span class='ocrx_word' id='word_1_90' title='bbox 178 790 246 820; x_wconf 91' lang='lat' dir='ltr'>Aut</span> <span class='ocrx_word' id='word_1_91' title='bbox 270 789 354 821; x_wconf 86' lang='lat' dir='ltr'>hunc</span> <span class='ocrx_word' id='word_1_92' title='bbox 378 790 405 821; x_wconf 94' lang='lat' dir='ltr'>si</span> <span class='ocrx_word' id='word_1_93' title='bbox 429 792 465 822; x_wconf 90' lang='lat' dir='ltr'>tu</span> <span class='ocrx_word' id='word_1_94' title='bbox 489 790 655 833; x_wconf 80' lang='lat' dir='ltr'><strong>sustulisti,</strong></span> <span class='ocrx_word' id='word_1_95' title='bbox 865 789 942 822; x_wconf 84' lang='lat' dir='ltr'>Cum</span> <span class='ocrx_word' id='word_1_96' title='bbox 962 790 1122 821; x_wconf 85' lang='lat' dir='ltr'>destructa</span> <span class='ocrx_word' id='word_1_97' title='bbox 1142 788 1253 820; x_wconf 87' lang='lat' dir='ltr'>mortis</span> <span class='ocrx_word' id='word_1_98' title='bbox 1278 790 1371 827; x_wconf 83' lang='lat' dir='ltr'>porta</span> 
     </span>
     <span class='ocr_line' id='line_1_15' title="bbox 227 835 1291 879; baseline -0.001 -12"><span class='ocrx_word' id='word_1_99' title='bbox 227 835 320 876; x_wconf 86' lang='lat' dir='ltr'><strong>Mihi,</strong></span> <span class='ocrx_word' id='word_1_100' title='bbox 348 846 475 878; x_wconf 84' lang='lat' dir='ltr'>quaeso,</span> <span class='ocrx_word' id='word_1_101' title='bbox 505 838 620 879; x_wconf 78' lang='lat' dir='ltr'>dioito3</span> <span class='ocrx_word' id='word_1_102' title='bbox 914 837 1000 869; x_wconf 90' lang='lat' dir='ltr'><strong>Vivis</strong></span> <span class='ocrx_word' id='word_1_103' title='bbox 1027 837 1152 869; x_wconf 80' lang='lat' dir='ltr'>salvans</span> <span class='ocrx_word' id='word_1_104' title='bbox 1177 836 1291 876; x_wconf 83' lang='lat' dir='ltr'>omnia,</span> 
     </span>
     <span class='ocr_line' id='line_1_16' title="bbox 229 883 1245 924; baseline -0.002 -9"><span class='ocrx_word' id='word_1_105' title='bbox 229 883 339 916; x_wconf 82' lang='lat' dir='ltr'>Gradu</span> <span class='ocrx_word' id='word_1_106' title='bbox 365 893 519 924; x_wconf 85' lang='lat' dir='ltr'>quaerens</span> <span class='ocrx_word' id='word_1_107' title='bbox 546 885 667 916; x_wconf 79' lang='lat' dir='ltr'>concito</span> <span class='ocrx_word' id='word_1_108' title='bbox 911 885 974 917; x_wconf 90' lang='lat' dir='ltr'>Pro</span> <span class='ocrx_word' id='word_1_109' title='bbox 1000 886 1054 915; x_wconf 81' lang='lat' dir='ltr'>tua</span> <span class='ocrx_word' id='word_1_110' title='bbox 1079 883 1245 914; x_wconf 84' lang='lat' dir='ltr'>clementia</span> 
     </span>
    </p>

    <p class='ocr_par' dir='ltr' id='par_1_8' title="bbox 180 928 1283 972">
     <span class='ocr_line' id='line_1_17' title="bbox 180 928 1283 972; baseline -0.001 -11"><span class='ocrx_word' id='word_1_111' title='bbox 180 930 316 972; x_wconf 87' lang='lat' dir='ltr'>Tollam,</span> <span class='ocrx_word' id='word_1_112' title='bbox 341 931 427 963; x_wconf 89' lang='lat' dir='ltr'>unde</span> <span class='ocrx_word' id='word_1_113' title='bbox 451 932 594 971; x_wconf 84' lang='lat' dir='ltr'><strong>posuisti,</strong></span> <span class='ocrx_word' id='word_1_114' title='bbox 863 931 1031 963; x_wconf 84' lang='lat' dir='ltr'>Desolatos</span> <span class='ocrx_word' id='word_1_115' title='bbox 1055 939 1113 962; x_wconf 85' lang='lat' dir='ltr'>nos</span> <span class='ocrx_word' id='word_1_116' title='bbox 1141 928 1283 961; x_wconf 81' lang='lat' dir='ltr'>conforta</span> 
     </span>
    </p>

    <p class='ocr_par' dir='ltr' id='par_1_9' title="bbox 181 976 1382 1159">
     <span class='ocr_line' id='line_1_18' title="bbox 181 976 1382 1018; baseline -0.002 -10"><span class='ocrx_word' id='word_1_117' title='bbox 181 977 236 1009; x_wconf 84' lang='lat' dir='ltr'>Sic</span> <span class='ocrx_word' id='word_1_118' title='bbox 260 987 311 1009; x_wconf 89' lang='lat' dir='ltr'>me</span> <span class='ocrx_word' id='word_1_119' title='bbox 336 981 489 1010; x_wconf 82' lang='lat' dir='ltr'>moestam</span> <span class='ocrx_word' id='word_1_120' title='bbox 513 978 667 1018; x_wconf 78' lang='lat' dir='ltr'>refovisti,</span> <span class='ocrx_word' id='word_1_121' title='bbox 863 978 907 1009; x_wconf 79' lang='lat' dir='ltr'>Et</span> <span class='ocrx_word' id='word_1_122' title='bbox 930 977 983 1009; x_wconf 84' lang='lat' dir='ltr'>fae</span> <span class='ocrx_word' id='word_1_123' title='bbox 1006 977 1144 1018; x_wconf 81' lang='lat' dir='ltr'>tandem,</span> <span class='ocrx_word' id='word_1_124' title='bbox 1171 979 1207 1007; x_wconf 82' lang='lat' dir='ltr'>ut</span> <span class='ocrx_word' id='word_1_125' title='bbox 1231 976 1382 1015; x_wconf 85' lang='lat' dir='ltr'>absorpta</span> 
     </span>
     <span class='ocr_line' id='line_1_19' title="bbox 228 1024 1292 1065; baseline -0.003 -8"><span class='ocrx_word' id='word_1_126' title='bbox 228 1025 326 1064; x_wconf 83' lang='lat' dir='ltr'>Quem</span> <span class='ocrx_word' id='word_1_127' title='bbox 351 1034 409 1065; x_wconf 87' lang='lat' dir='ltr'>pro</span> <span class='ocrx_word' id='word_1_128' title='bbox 435 1035 523 1057; x_wconf 84' lang='lat' dir='ltr'>more</span> <span class='ocrx_word' id='word_1_129' title='bbox 546 1026 639 1057; x_wconf 88' lang='lat' dir='ltr'>solito</span> <span class='ocrx_word' id='word_1_130' title='bbox 911 1025 960 1057; x_wconf 84' lang='lat' dir='ltr'>Sit</span> <span class='ocrx_word' id='word_1_131' title='bbox 984 1034 1067 1056; x_wconf 88' lang='lat' dir='ltr'>mors</span> <span class='ocrx_word' id='word_1_132' title='bbox 1091 1024 1124 1055; x_wconf 92' lang='lat' dir='ltr'>in</span> <span class='ocrx_word' id='word_1_133' title='bbox 1149 1024 1292 1065; x_wconf 83' lang='lat' dir='ltr'>victoria,</span> 
     </span>
     <span class='ocr_line' id='line_1_20' title="bbox 228 1071 1249 1112; baseline -0.004 -7"><span class='ocrx_word' id='word_1_134' title='bbox 228 1072 354 1112; x_wconf 84' lang='lat' dir='ltr'>Ungam</span> <span class='ocrx_word' id='word_1_135' title='bbox 379 1081 467 1104; x_wconf 86' lang='lat' dir='ltr'>more</span> <span class='ocrx_word' id='word_1_136' title='bbox 494 1073 611 1112; x_wconf 86' lang='lat' dir='ltr'>debito,</span> <span class='ocrx_word' id='word_1_137' title='bbox 913 1072 1031 1103; x_wconf 84' lang='lat' dir='ltr'><strong>Tecum</strong></span> <span class='ocrx_word' id='word_1_138' title='bbox 1056 1074 1091 1103; x_wconf 89' lang='lat' dir='ltr'>ut</span> <span class='ocrx_word' id='word_1_139' title='bbox 1116 1071 1249 1102; x_wconf 84' lang='lat' dir='ltr'>ecelesia</span> 
     </span>
     <span class='ocr_line' id='line_1_21' title="bbox 228 1118 1156 1159; baseline 0.001 -8"><span class='ocrx_word' id='word_1_140' title='bbox 228 1119 359 1151; x_wconf 82' lang='lat' dir='ltr'>Nullum</span> <span class='ocrx_word' id='word_1_141' title='bbox 386 1120 506 1153; x_wconf 87' lang='lat' dir='ltr'>dubito.</span> <span class='ocrx_word' id='word_1_142' title='bbox 916 1118 965 1150; x_wconf 87' lang='lat' dir='ltr'>Sit</span> <span class='ocrx_word' id='word_1_143' title='bbox 989 1120 1022 1150; x_wconf 87' lang='lat' dir='ltr'>in</span> <span class='ocrx_word' id='word_1_144' title='bbox 1047 1118 1156 1159; x_wconf 85' lang='lat' dir='ltr'>gloria.</span> 
     </span>
    </p>
   </div>
   <div class='ocr_carea' id='block_1_3' title="bbox 197 1201 979 1240">
    <p class='ocr_par' dir='ltr' id='par_1_10' title="bbox 197 1201 979 1240">
     <span class='ocr_line' id='line_1_22' title="bbox 197 1201 979 1240; baseline -0.001 -10"><span class='ocrx_word' id='word_1_145' title='bbox 197 1203 267 1230; x_wconf 82' lang='lat' dir='ltr'>Cod.</span> <span class='ocrx_word' id='word_1_146' title='bbox 289 1203 430 1231; x_wconf 81' lang='lat' dir='ltr'>Oxonien.</span> <span class='ocrx_word' id='word_1_147' title='bbox 451 1203 551 1240; x_wconf 82' lang='lat' dir='ltr'><strong>Digby</strong></span> <span class='ocrx_word' id='word_1_148' title='bbox 579 1202 605 1230; x_wconf 80' lang='lat'>2.</span> <span class='ocrx_word' id='word_1_149' title='bbox 627 1211 702 1231; x_wconf 83' lang='lat' dir='ltr'>saec.</span> <span class='ocrx_word' id='word_1_150' title='bbox 724 1201 797 1231; x_wconf 74' lang='lat'>¹³)14.</span> <span class='ocrx_word' id='word_1_151' title='bbox 837 1202 894 1231; x_wconf 85' lang='lat' dir='ltr'>Mit</span> <span class='ocrx_word' id='word_1_152' title='bbox 911 1202 979 1229; x_wconf 72' lang='lat' dir='ltr'>Mel.</span> 
     </span>
    </p>
   </div>
   <div class='ocr_carea' id='block_1_4' title="bbox 125 1362 1414 2070">
    <p class='ocr_par' dir='ltr' id='par_1_11' title="bbox 729 1362 825 1393">
     <span class='ocr_line' id='line_1_23' title="bbox 729 1362 825 1393; baseline 0.021 -2"><span class='ocrx_word' id='word_1_153' title='bbox 729 1362 825 1393; x_wconf 77' lang='lat'>114.</span> 
     </span>
    </p>

    <p class='ocr_par' dir='ltr' id='par_1_12' title="bbox 130 1456 1414 1639">
     <span class='ocr_line' id='line_1_24' title="bbox 130 1456 1405 1496; baseline -0.003 -5"><span class='ocrx_word' id='word_1_154' title='bbox 130 1458 160 1491; x_wconf 78' lang='lat'>1,</span> <span class='ocrx_word' id='word_1_155' title='bbox 188 1457 313 1490; x_wconf 83' lang='lat' dir='ltr'>Novum</span> <span class='ocrx_word' id='word_1_156' title='bbox 339 1456 455 1489; x_wconf 87' lang='lat' dir='ltr'>festum</span> <span class='ocrx_word' id='word_1_157' title='bbox 481 1458 676 1490; x_wconf 78' lang='lat' dir='ltr'>celebremus</span> <span class='ocrx_word' id='word_1_158' title='bbox 810 1460 842 1493; x_wconf 83' lang='lat'>4.</span> <span class='ocrx_word' id='word_1_159' title='bbox 869 1459 913 1491; x_wconf 80' lang='lat' dir='ltr'>Et</span> <span class='ocrx_word' id='word_1_160' title='bbox 936 1466 1107 1495; x_wconf 86' lang='lat' dir='ltr'>assumenS‚</span> <span class='ocrx_word' id='word_1_161' title='bbox 1131 1457 1215 1496; x_wconf 87' lang='lat' dir='ltr'>quod</span> <span class='ocrx_word' id='word_1_162' title='bbox 1239 1466 1301 1488; x_wconf 87' lang='lat' dir='ltr'>non</span> <span class='ocrx_word' id='word_1_163' title='bbox 1327 1458 1405 1496; x_wconf 85' lang='lat' dir='ltr'>erat,</span> 
     </span>
     <span class='ocr_line' id='line_1_25' title="bbox 184 1504 1414 1545; baseline -0.002 -9"><span class='ocrx_word' id='word_1_164' title='bbox 184 1505 292 1536; x_wconf 81' lang='lat' dir='ltr'>Novos</span> <span class='ocrx_word' id='word_1_165' title='bbox 318 1508 428 1537; x_wconf 83' lang='lat' dir='ltr'>cantus</span> <span class='ocrx_word' id='word_1_166' title='bbox 455 1508 486 1536; x_wconf 90' lang='lat' dir='ltr'>et</span> <span class='ocrx_word' id='word_1_167' title='bbox 511 1507 672 1537; x_wconf 81' lang='lat' dir='ltr'>cantemus</span> <span class='ocrx_word' id='word_1_168' title='bbox 868 1506 1002 1538; x_wconf 86' lang='lat' dir='ltr'>Manens</span> <span class='ocrx_word' id='word_1_169' title='bbox 1027 1508 1129 1537; x_wconf 86' lang='lat' dir='ltr'>tamen</span> <span class='ocrx_word' id='word_1_170' title='bbox 1155 1505 1200 1544; x_wconf 90' lang='lat' dir='ltr'>id,</span> <span class='ocrx_word' id='word_1_171' title='bbox 1226 1504 1309 1543; x_wconf 89' lang='lat' dir='ltr'>quod</span> <span class='ocrx_word' id='word_1_172' title='bbox 1337 1507 1414 1545; x_wconf 79' lang='lat' dir='ltr'>erat,</span> 
     </span>
     <span class='ocr_line' id='line_1_26' title="bbox 184 1551 1375 1585; baseline -0.001 -2"><span class='ocrx_word' id='word_1_173' title='bbox 184 1552 287 1584; x_wconf 85' lang='lat' dir='ltr'>Facta</span> <span class='ocrx_word' id='word_1_174' title='bbox 310 1561 417 1584; x_wconf 84' lang='lat' dir='ltr'>rerum</span> <span class='ocrx_word' id='word_1_175' title='bbox 441 1553 583 1585; x_wconf 87' lang='lat' dir='ltr'>novitate</span> <span class='ocrx_word' id='word_1_176' title='bbox 869 1553 930 1585; x_wconf 85' lang='lat' dir='ltr'>Est</span> <span class='ocrx_word' id='word_1_177' title='bbox 953 1553 1133 1585; x_wconf 85' lang='lat' dir='ltr'>Non-homo</span> <span class='ocrx_word' id='word_1_178' title='bbox 1158 1551 1261 1583; x_wconf 84' lang='lat' dir='ltr'>faetus</span> <span class='ocrx_word' id='word_1_179' title='bbox 1284 1551 1375 1583; x_wconf 89' lang='lat' dir='ltr'>homo</span> 
     </span>
     <span class='ocr_line' id='line_1_27' title="bbox 183 1599 1316 1639; baseline -0.003 -7"><span class='ocrx_word' id='word_1_180' title='bbox 183 1601 223 1633; x_wconf 88' lang='lat' dir='ltr'>In</span> <span class='ocrx_word' id='word_1_181' title='bbox 246 1609 330 1632; x_wconf 83' lang='lat' dir='ltr'>nova</span> <span class='ocrx_word' id='word_1_182' title='bbox 354 1600 563 1633; x_wconf 79' lang='lat' dir='ltr'>solemnitate.</span> <span class='ocrx_word' id='word_1_183' title='bbox 869 1600 965 1639; x_wconf 87' lang='lat' dir='ltr'>Deus,</span> <span class='ocrx_word' id='word_1_184' title='bbox 992 1603 1028 1632; x_wconf 83' lang='lat' dir='ltr'>ut</span> <span class='ocrx_word' id='word_1_185' title='bbox 1049 1599 1190 1632; x_wconf 83' lang='lat' dir='ltr'>salvetur</span> <span class='ocrx_word' id='word_1_186' title='bbox 1214 1599 1316 1633; x_wconf 81' lang='lat' dir='ltr'>homo.</span> 
     </span>
    </p>

    <p class='ocr_par' dir='ltr' id='par_1_13' title="bbox 125 1675 1324 1764">
     <span class='ocr_line' id='line_1_28' title="bbox 125 1675 1273 1716; baseline -0.002 -8"><span class='ocrx_word' id='word_1_187' title='bbox 125 1677 157 1710; x_wconf 86' lang='lat'>2.</span> <span class='ocrx_word' id='word_1_188' title='bbox 185 1676 302 1708; x_wconf 86' lang='lat' dir='ltr'>Servus</span> <span class='ocrx_word' id='word_1_189' title='bbox 328 1678 397 1708; x_wconf 86' lang='lat' dir='ltr'>erat</span> <span class='ocrx_word' id='word_1_190' title='bbox 421 1676 542 1716; x_wconf 85' lang='lat' dir='ltr'>primus</span> <span class='ocrx_word' id='word_1_191' title='bbox 567 1676 659 1708; x_wconf 86' lang='lat' dir='ltr'>homo</span> <span class='ocrx_word' id='word_1_192' title='bbox 812 1678 841 1710; x_wconf 87' lang='lat'>5.</span> <span class='ocrx_word' id='word_1_193' title='bbox 867 1676 963 1708; x_wconf 87' lang='lat' dir='ltr'>Venit</span> <span class='ocrx_word' id='word_1_194' title='bbox 986 1685 1059 1716; x_wconf 81' lang='lat' dir='ltr'>ergo</span> <span class='ocrx_word' id='word_1_195' title='bbox 1084 1675 1273 1714; x_wconf 84' lang='lat' dir='ltr'>praedicare</span> 
     </span>
     <span class='ocr_line' id='line_1_29' title="bbox 185 1723 1324 1764; baseline -0.003 -8"><span class='ocrx_word' id='word_1_196' title='bbox 185 1724 303 1756; x_wconf 86' lang='lat' dir='ltr'>Faetus</span> <span class='ocrx_word' id='word_1_197' title='bbox 328 1733 387 1763; x_wconf 86' lang='lat' dir='ltr'>pro</span> <span class='ocrx_word' id='word_1_198' title='bbox 413 1725 550 1755; x_wconf 86' lang='lat' dir='ltr'>comesto</span> <span class='ocrx_word' id='word_1_199' title='bbox 575 1733 679 1764; x_wconf 85' lang='lat' dir='ltr'>pomo,</span> <span class='ocrx_word' id='word_1_200' title='bbox 870 1723 997 1756; x_wconf 79' lang='lat' dir='ltr'>Cunctis</span> <span class='ocrx_word' id='word_1_201' title='bbox 1023 1726 1055 1755; x_wconf 85' lang='lat' dir='ltr'>et</span> <span class='ocrx_word' id='word_1_202' title='bbox 1078 1723 1211 1754; x_wconf 85' lang='lat' dir='ltr'>salutem</span> <span class='ocrx_word' id='word_1_203' title='bbox 1237 1723 1324 1763; x_wconf 83' lang='lat' dir='ltr'>dare,</span> 
     </span>
    </p>

    <p class='ocr_par' dir='ltr' id='par_1_14' title="bbox 185 1770 1301 1861">
     <span class='ocr_line' id='line_1_30' title="bbox 185 1770 1289 1812; baseline -0.003 -8"><span class='ocrx_word' id='word_1_204' title='bbox 185 1771 232 1804; x_wconf 92' lang='lat' dir='ltr'>Ob</span> <span class='ocrx_word' id='word_1_205' title='bbox 255 1771 316 1803; x_wconf 86' lang='lat' dir='ltr'>hoe</span> <span class='ocrx_word' id='word_1_206' title='bbox 341 1780 460 1811; x_wconf 87' lang='lat' dir='ltr'>poenas</span> <span class='ocrx_word' id='word_1_207' title='bbox 486 1774 534 1804; x_wconf 86' lang='lat' dir='ltr'>est</span> <span class='ocrx_word' id='word_1_208' title='bbox 561 1771 702 1812; x_wconf 85' lang='lat' dir='ltr'>daturus,</span> <span class='ocrx_word' id='word_1_209' title='bbox 867 1772 978 1812; x_wconf 80' lang='lat' dir='ltr'>Regna</span> <span class='ocrx_word' id='word_1_210' title='bbox 1003 1772 1058 1803; x_wconf 81' lang='lat' dir='ltr'>dat</span> <span class='ocrx_word' id='word_1_211' title='bbox 1082 1770 1289 1810; x_wconf 82' lang='lat' dir='ltr'>aeternitatis,</span> 
     </span>
     <span class='ocr_line' id='line_1_31' title="bbox 188 1818 1301 1861; baseline 0.001 -11"><span class='ocrx_word' id='word_1_212' title='bbox 188 1819 284 1861; x_wconf 85' lang='lat' dir='ltr'>Velit,</span> <span class='ocrx_word' id='word_1_213' title='bbox 310 1819 392 1851; x_wconf 83' lang='lat' dir='ltr'>nolit</span> <span class='ocrx_word' id='word_1_214' title='bbox 415 1819 596 1852; x_wconf 84' lang='lat' dir='ltr'>moriturus.</span> <span class='ocrx_word' id='word_1_215' title='bbox 869 1819 904 1852; x_wconf 88' lang='lat' dir='ltr'>Si</span> <span class='ocrx_word' id='word_1_216' title='bbox 929 1819 1083 1851; x_wconf 81' lang='lat' dir='ltr'>desistant</span> <span class='ocrx_word' id='word_1_217' title='bbox 1108 1827 1127 1850; x_wconf 88' lang='lat' dir='ltr'>a</span> <span class='ocrx_word' id='word_1_218' title='bbox 1151 1818 1301 1857; x_wconf 78' lang='lat' dir='ltr'>peccatis.</span> 
     </span>
    </p>

    <p class='ocr_par' dir='ltr' id='par_1_15' title="bbox 126 1894 1298 1982">
     <span class='ocr_line' id='line_1_32' title="bbox 126 1894 1279 1935; baseline -0.004 -6"><span class='ocrx_word' id='word_1_219' title='bbox 126 1897 157 1929; x_wconf 86' lang='lat'>3.</span> <span class='ocrx_word' id='word_1_220' title='bbox 184 1896 304 1928; x_wconf 91' lang='lat' dir='ltr'>Dolens</span> <span class='ocrx_word' id='word_1_221' title='bbox 330 1904 404 1935; x_wconf 86' lang='lat' dir='ltr'>ergo</span> <span class='ocrx_word' id='word_1_222' title='bbox 430 1897 607 1927; x_wconf 80' lang='lat' dir='ltr'>ereaturam</span> <span class='ocrx_word' id='word_1_223' title='bbox 811 1896 842 1928; x_wconf 89' lang='lat'>6.</span> <span class='ocrx_word' id='word_1_224' title='bbox 869 1895 934 1928; x_wconf 79' lang='lat' dir='ltr'>Sed</span> <span class='ocrx_word' id='word_1_225' title='bbox 954 1894 1061 1927; x_wconf 85' lang='lat' dir='ltr'>Maria</span> <span class='ocrx_word' id='word_1_226' title='bbox 1086 1894 1279 1934; x_wconf 82' lang='lat' dir='ltr'>Magdalena</span> 
     </span>
     <span class='ocr_line' id='line_1_33' title="bbox 184 1941 1298 1982; baseline -0.003 -8"><span class='ocrx_word' id='word_1_227' title='bbox 184 1943 300 1975; x_wconf 81' lang='lat' dir='ltr'>Mundi</span> <span class='ocrx_word' id='word_1_228' title='bbox 324 1941 429 1974; x_wconf 84' lang='lat' dir='ltr'>faetor</span> <span class='ocrx_word' id='word_1_229' title='bbox 451 1942 626 1981; x_wconf 79' lang='lat' dir='ltr'>perituram</span> <span class='ocrx_word' id='word_1_230' title='bbox 869 1943 1074 1975; x_wconf 71' lang='lat' dir='ltr'>peccatorum</span> <span class='ocrx_word' id='word_1_231' title='bbox 1100 1941 1173 1972; x_wconf 81' lang='lat' dir='ltr'>labe</span> <span class='ocrx_word' id='word_1_232' title='bbox 1194 1941 1298 1982; x_wconf 81' lang='lat' dir='ltr'>plena,</span> 
     </span>
    </p>

    <p class='ocr_par' dir='ltr' id='par_1_16' title="bbox 186 1987 1344 2070">
     <span class='ocr_line' id='line_1_34' title="bbox 186 1987 1316 2029; baseline -0.004 -7"><span class='ocrx_word' id='word_1_233' title='bbox 186 1990 261 2023; x_wconf 85' lang='lat' dir='ltr'>Sola</span> <span class='ocrx_word' id='word_1_234' title='bbox 286 1990 399 2022; x_wconf 84' lang='lat' dir='ltr'>duetus</span> <span class='ocrx_word' id='word_1_235' title='bbox 423 1989 544 2029; x_wconf 85' lang='lat' dir='ltr'>pietate</span> <span class='ocrx_word' id='word_1_236' title='bbox 868 1988 915 2021; x_wconf 86' lang='lat' dir='ltr'>Ut</span> <span class='ocrx_word' id='word_1_237' title='bbox 937 1989 1061 2021; x_wconf 80' lang='lat' dir='ltr'>audivit</span> <span class='ocrx_word' id='word_1_238' title='bbox 1085 1988 1151 2027; x_wconf 86' lang='lat' dir='ltr'>ejus</span> <span class='ocrx_word' id='word_1_239' title='bbox 1177 1987 1316 2027; x_wconf 86' lang='lat' dir='ltr'>verbum,</span> 
     </span>
     <span class='ocr_line' id='line_1_35' title="bbox 189 2033 1344 2070; baseline -0.002 -1"><span class='ocrx_word' id='word_1_240' title='bbox 189 2038 287 2070; x_wconf 81' lang='lat' dir='ltr'>Sexta</span> <span class='ocrx_word' id='word_1_241' title='bbox 314 2037 479 2069; x_wconf 87' lang='lat' dir='ltr'>deseendit</span> <span class='ocrx_word' id='word_1_242' title='bbox 503 2039 617 2069; x_wconf 82' lang='lat' dir='ltr'>aetate.</span> <span class='ocrx_word' id='word_1_243' title='bbox 868 2037 938 2068; x_wconf 84' lang='lat' dir='ltr'>Rea</span> <span class='ocrx_word' id='word_1_244' title='bbox 963 2036 1081 2067; x_wconf 79' lang='lat' dir='ltr'>crimen</span> <span class='ocrx_word' id='word_1_245' title='bbox 1105 2033 1161 2066; x_wconf 89' lang='lat' dir='ltr'>flet</span> <span class='ocrx_word' id='word_1_246' title='bbox 1185 2035 1344 2067; x_wconf 87' lang='lat' dir='ltr'>acerbum.</span> 
     </span>
    </p>
   </div>
   <div class='ocr_carea' id='block_1_5' title="bbox 527 2112 1196 2295">
    <p class='ocr_par' dir='ltr' id='par_1_17' title="bbox 527 2112 1196 2295">
     <span class='ocr_line' id='line_1_36' title="bbox 527 2112 977 2152; baseline -0.004 -7"><span class='ocrx_word' id='word_1_247' title='bbox 527 2114 556 2145; x_wconf 88' lang='lat'>7.</span> <span class='ocrx_word' id='word_1_248' title='bbox 583 2112 708 2144; x_wconf 85' lang='lat' dir='ltr'>Flendo</span> <span class='ocrx_word' id='word_1_249' title='bbox 733 2121 789 2144; x_wconf 84' lang='lat' dir='ltr'>sua</span> <span class='ocrx_word' id='word_1_250' title='bbox 813 2112 897 2152; x_wconf 83' lang='lat' dir='ltr'>rigat</span> <span class='ocrx_word' id='word_1_251' title='bbox 920 2121 977 2144; x_wconf 84' lang='lat' dir='ltr'>ora</span> 
     </span>
     <span class='ocr_line' id='line_1_37' title="bbox 580 2160 1080 2198; baseline -0.004 -6"><span class='ocrx_word' id='word_1_252' title='bbox 580 2161 653 2193; x_wconf 82' lang='lat' dir='ltr'>Jam</span> <span class='ocrx_word' id='word_1_253' title='bbox 677 2168 741 2191; x_wconf 90' lang='lat' dir='ltr'>non</span> <span class='ocrx_word' id='word_1_254' title='bbox 766 2161 814 2191; x_wconf 87' lang='lat' dir='ltr'>est</span> <span class='ocrx_word' id='word_1_255' title='bbox 836 2160 870 2191; x_wconf 89' lang='lat' dir='ltr'>in</span> <span class='ocrx_word' id='word_1_256' title='bbox 892 2160 959 2191; x_wconf 90' lang='lat' dir='ltr'>ulla</span> <span class='ocrx_word' id='word_1_257' title='bbox 983 2168 1080 2198; x_wconf 86' lang='lat' dir='ltr'>mora,</span> 
     </span>
     <span class='ocr_line' id='line_1_38' title="bbox 579 2207 1104 2247; baseline -0.004 -8"><span class='ocrx_word' id='word_1_258' title='bbox 579 2207 695 2239; x_wconf 83' lang='lat' dir='ltr'>Mundi</span> <span class='ocrx_word' id='word_1_259' title='bbox 718 2207 863 2247; x_wconf 88' lang='lat' dir='ltr'>linquens</span> <span class='ocrx_word' id='word_1_260' title='bbox 887 2207 1104 2239; x_wconf 78' lang='lat' dir='ltr'>blandimenta</span> 
     </span>
     <span class='ocr_line' id='line_1_39' title="bbox 582 2253 1196 2295; baseline -0.003 -9"><span class='ocrx_word' id='word_1_261' title='bbox 582 2254 741 2287; x_wconf 82' lang='lat' dir='ltr'>Christum</span> <span class='ocrx_word' id='word_1_262' title='bbox 763 2263 916 2295; x_wconf 85' lang='lat' dir='ltr'>quaerens</span> <span class='ocrx_word' id='word_1_263' title='bbox 941 2253 1004 2286; x_wconf 86' lang='lat' dir='ltr'>fert</span> <span class='ocrx_word' id='word_1_264' title='bbox 1030 2255 1196 2294; x_wconf 85' lang='lat' dir='ltr'>unguenta.</span> 
     </span>
    </p>
   </div>
   <div class='ocr_carea' id='block_1_6' title="bbox 124 2337 1431 2417">
    <p class='ocr_par' dir='ltr' id='par_1_18' title="bbox 124 2337 1431 2417">
     <span class='ocr_line' id='line_1_40' title="bbox 204 2337 1431 2375; baseline -0.007 -4"><span class='ocrx_word' id='word_1_265' title='bbox 204 2342 265 2370; x_wconf 84' lang='lat' dir='ltr'>Cod</span> <span class='ocrx_word' id='word_1_266' title='bbox 301 2342 426 2370; x_wconf 85' lang='lat' dir='ltr'>Parisin.</span> <span class='ocrx_word' id='word_1_267' title='bbox 452 2339 501 2375; x_wconf 88' lang='lat' dir='ltr'>(ol.</span> <span class='ocrx_word' id='word_1_268' title='bbox 529 2339 706 2373; x_wconf 81' lang='lat' dir='ltr'>Martialen.)</span> <span class='ocrx_word' id='word_1_269' title='bbox 731 2337 814 2367; x_wconf 84' lang='lat'>3549.</span> <span class='ocrx_word' id='word_1_270' title='bbox 840 2347 915 2367; x_wconf 85' lang='lat' dir='ltr'>saec.</span> <span class='ocrx_word' id='word_1_271' title='bbox 944 2337 987 2367; x_wconf 80' lang='lat'>12.</span> <span class='ocrx_word' id='word_1_272' title='bbox 1013 2339 1047 2367; x_wconf 88' lang='lat' dir='ltr'>A.</span> <span class='ocrx_word' id='word_1_273' title='bbox 1075 2352 1110 2356; x_wconf 90' lang='lat'>—</span> <span class='ocrx_word' id='word_1_274' title='bbox 1138 2337 1207 2366; x_wconf 85' lang='lat' dir='ltr'>Cod.</span> <span class='ocrx_word' id='word_1_275' title='bbox 1232 2337 1358 2365; x_wconf 85' lang='lat' dir='ltr'>Parisin.</span> <span class='ocrx_word' id='word_1_276' title='bbox 1383 2338 1431 2370; x_wconf 88' lang='lat' dir='ltr'>(ol.</span> 
     </span>
     <span class='ocr_line' id='line_1_41' title="bbox 124 2374 1392 2417; baseline -0.005 -7"><span class='ocrx_word' id='word_1_277' title='bbox 124 2380 304 2417; x_wconf 78' lang='lat' dir='ltr'>Martialen.)</span> <span class='ocrx_word' id='word_1_278' title='bbox 323 2377 406 2409; x_wconf 82' lang='lat'><strong>7319.</strong></span> <span class='ocrx_word' id='word_1_279' title='bbox 428 2387 503 2407; x_wconf 85' lang='lat' dir='ltr'>saec.</span> <span class='ocrx_word' id='word_1_280' title='bbox 527 2376 570 2406; x_wconf 81' lang='lat'>12.</span> <span class='ocrx_word' id='word_1_281' title='bbox 591 2378 624 2404; x_wconf 90' lang='grc' dir='ltr'>Β.</span> <span class='ocrx_word' id='word_1_282' title='bbox 649 2393 681 2396; x_wconf 92' lang='grc'><strong>-</strong></span> <span class='ocrx_word' id='word_1_283' title='bbox 704 2375 730 2411; x_wconf 85' lang='grc'>2,</span> <span class='ocrx_word' id='word_1_284' title='bbox 754 2375 768 2405; x_wconf 89' lang='lat'>1</span> <span class='ocrx_word' id='word_1_285' title='bbox 788 2377 876 2405; x_wconf 89' lang='lat' dir='ltr'>homo</span> <span class='ocrx_word' id='word_1_286' title='bbox 896 2378 1007 2412; x_wconf 83' lang='lat' dir='ltr'>primus</span> <span class='ocrx_word' id='word_1_287' title='bbox 1027 2378 1061 2404; x_wconf 92' lang='lat' dir='ltr'>A.</span> <span class='ocrx_word' id='word_1_288' title='bbox 1083 2391 1120 2396; x_wconf 83' lang='lat'><strong>—</strong></span> <span class='ocrx_word' id='word_1_289' title='bbox 1141 2374 1167 2410; x_wconf 83' lang='lat'>2,</span> <span class='ocrx_word' id='word_1_290' title='bbox 1188 2374 1206 2403; x_wconf 83' lang='lat'>2</span> <span class='ocrx_word' id='word_1_291' title='bbox 1222 2376 1312 2404; x_wconf 75' lang='lat' dir='ltr'>Facto</span> <span class='ocrx_word' id='word_1_292' title='bbox 1332 2377 1392 2404; x_wconf 90' lang='lat' dir='ltr'>AB.</span> 
     </span>
    </p>
   </div>
  </div>
 </body>
</html>
