<?xml version="1.0" encoding="UTF-8"?>
<!DOCTYPE html PUBLIC "-//W3C//DTD XHTML 1.0 Transitional//EN"
    "http://www.w3.org/TR/xhtml1/DTD/xhtml1-transitional.dtd">
<html xmlns="http://www.w3.org/1999/xhtml" xml:lang="en" lang="en">
 <head>
  <title>
</title>
<meta http-equiv="Content-Type" content="text/html;charset=utf-8" />
  <meta name='ocr-system' content='tesseract 3.04.00' />
  <meta name='ocr-capabilities' content='ocr_page ocr_carea ocr_par ocr_line ocrx_word'/>
</head>
<body>
  <div class='ocr_page' id='page_1' title='image "./analectahymnica21drevuoft_00016.png"; bbox 0 0 1653 2566; ppageno 0'>
   <div class='ocr_carea' id='block_1_1' title="bbox 249 194 677 495">
    <p class='ocr_par' dir='ltr' id='par_1_1' title="bbox 249 194 669 495">
     <span class='ocr_line' id='line_1_1' title="bbox 250 194 647 231; baseline 0.01 -10"><span class='ocrx_word' id='word_1_1' title='bbox 250 194 309 222; x_wconf 87' lang='lat' dir='ltr'>Per</span> <span class='ocrx_word' id='word_1_2' title='bbox 332 197 362 223; x_wconf 85' lang='lat' dir='ltr'>te</span> <span class='ocrx_word' id='word_1_3' title='bbox 384 198 490 224; x_wconf 84' lang='lat' dir='ltr'>cuncta</span> <span class='ocrx_word' id='word_1_4' title='bbox 510 195 647 231; x_wconf 78' lang='lat' dir='ltr'>condidit,</span> 
     </span>
     <span class='ocr_line' id='line_1_2' title="bbox 250 232 612 270; baseline 0.011 -11"><span class='ocrx_word' id='word_1_5' title='bbox 250 232 363 266; x_wconf 76' lang='lat' dir='ltr'>Quibus</span> <span class='ocrx_word' id='word_1_6' title='bbox 383 233 478 270; x_wconf 85' lang='lat' dir='ltr'>legem</span> <span class='ocrx_word' id='word_1_7' title='bbox 497 235 612 270; x_wconf 80' lang='lat' dir='ltr'><strong>indidit,</strong></span> 
     </span>
     <span class='ocr_line' id='line_1_3' title="bbox 289 271 659 307; baseline 0.006 -8"><span class='ocrx_word' id='word_1_8' title='bbox 289 271 332 299; x_wconf 92' lang='lat' dir='ltr'>Ut</span> <span class='ocrx_word' id='word_1_9' title='bbox 350 272 421 306; x_wconf 81' lang='lat' dir='ltr'>vita,</span> <span class='ocrx_word' id='word_1_10' title='bbox 444 281 502 306; x_wconf 88' lang='lat' dir='ltr'>qua</span> <span class='ocrx_word' id='word_1_11' title='bbox 519 275 659 307; x_wconf 83' lang='lat' dir='ltr'>viverent,</span> 
     </span>
     <span class='ocr_line' id='line_1_4' title="bbox 327 309 673 348; baseline 0.006 -11"><span class='ocrx_word' id='word_1_12' title='bbox 327 309 365 337; x_wconf 86' lang='lat' dir='ltr'>Se</span> <span class='ocrx_word' id='word_1_13' title='bbox 384 310 511 339; x_wconf 69' lang='lat' dir='ltr'>invicem</span> <span class='ocrx_word' id='word_1_14' title='bbox 530 315 673 348; x_wconf 69' lang='lat' dir='ltr'>amai-,ent</span> 
     </span>
     <span class='ocr_line' id='line_1_5' title="bbox 249 345 613 384; baseline 0.006 -11"><span class='ocrx_word' id='word_1_15' title='bbox 249 345 298 373; x_wconf 83' lang='lat' dir='ltr'>En</span> <span class='ocrx_word' id='word_1_16' title='bbox 316 347 402 375; x_wconf 76' lang='lat' dir='ltr'>Thau</span> <span class='ocrx_word' id='word_1_17' title='bbox 421 349 613 384; x_wconf 74' lang='lat' dir='ltr'>signaculum,</span> 
     </span>
     <span class='ocr_line' id='line_1_6' title="bbox 249 382 665 421; baseline 0.005 -9"><span class='ocrx_word' id='word_1_18' title='bbox 249 382 330 412; x_wconf 85' lang='lat' dir='ltr'>Luce</span> <span class='ocrx_word' id='word_1_19' title='bbox 350 384 491 414; x_wconf 80' lang='lat' dir='ltr'>decorans</span> <span class='ocrx_word' id='word_1_20' title='bbox 511 387 665 421; x_wconf 81' lang='lat' dir='ltr'>aemulum,</span> 
     </span>
     <span class='ocr_line' id='line_1_7' title="bbox 289 422 647 461; baseline 0.009 -11"><span class='ocrx_word' id='word_1_21' title='bbox 289 422 332 450; x_wconf 89' lang='lat' dir='ltr'>Ut</span> <span class='ocrx_word' id='word_1_22' title='bbox 349 426 379 450; x_wconf 85' lang='lat' dir='ltr'>te</span> <span class='ocrx_word' id='word_1_23' title='bbox 398 423 464 458; x_wconf 81' lang='lat' dir='ltr'>plus</span> <span class='ocrx_word' id='word_1_24' title='bbox 485 424 647 461; x_wconf 80' lang='lat' dir='ltr'>diligerent,</span> 
     </span>
     <span class='ocr_line' id='line_1_8' title="bbox 326 460 677 495; baseline 0.009 -8"><span class='ocrx_word' id='word_1_25' title='bbox 326 461 384 495; x_wconf 70' lang='lat' dir='ltr'>Qui</span> <span class='ocrx_word' id='word_1_26' title='bbox 403 460 539 490; x_wconf 83' lang='lat' dir='ltr'>firmandi</span> <span class='ocrx_word' id='word_1_27' title='bbox 559 464 677 491; x_wconf 24' lang='lat' dir='ltr'>staiffent</span> 
     </span>
    </p>
   </div>
   <div class='ocr_carea' id='block_1_2' title="bbox 735 105 969 140">
    <p class='ocr_par' dir='ltr' id='par_1_2' title="bbox 735 105 969 140">
     <span class='ocr_line' id='line_1_9' title="bbox 735 105 969 140; baseline 0.009 -12"><span class='ocrx_word' id='word_1_28' title='bbox 735 105 969 140; x_wconf 50' lang='lat'>„13—</span> 
     </span>
    </p>
   </div>
   <div class='ocr_carea' id='block_1_3' title="bbox 930 198 1369 492">
    <p class='ocr_par' dir='ltr' id='par_1_3' title="bbox 930 198 1369 492">
     <span class='ocr_line' id='line_1_10' title="bbox 930 198 1234 235; baseline -0.01 -7"><span class='ocrx_word' id='word_1_29' title='bbox 930 199 1041 235; x_wconf 81' lang='lat' dir='ltr'>Dejicis</span> <span class='ocrx_word' id='word_1_30' title='bbox 1060 198 1234 235; x_wconf 85' lang='lat' dir='ltr'>belligerum</span> 
     </span>
     <span class='ocr_line' id='line_1_11' title="bbox 931 236 1369 268; baseline -0.011 -2"><span class='ocrx_word' id='word_1_31' title='bbox 931 239 1026 266; x_wconf 83' lang='lat' dir='ltr'>Fortis</span> <span class='ocrx_word' id='word_1_32' title='bbox 1044 239 1078 263; x_wconf 94' lang='lat' dir='ltr'>ut</span> <span class='ocrx_word' id='word_1_33' title='bbox 1096 245 1173 263; x_wconf 86' lang='lat' dir='ltr'>mors</span> <span class='ocrx_word' id='word_1_34' title='bbox 1193 236 1369 268; x_wconf 76' lang='lat' dir='ltr'>Luciferum,</span> 
     </span>
     <span class='ocr_line' id='line_1_12' title="bbox 968 274 1263 310; baseline -0.014 -6"><span class='ocrx_word' id='word_1_35' title='bbox 968 275 1057 310; x_wconf 78' lang='lat' dir='ltr'>Cujus</span> <span class='ocrx_word' id='word_1_36' title='bbox 1080 274 1263 301; x_wconf 71' lang='lat' dir='ltr'>adversarius</span> 
     </span>
     <span class='ocr_line' id='line_1_13' title="bbox 1004 313 1281 344; baseline -0.007 -3"><span class='ocrx_word' id='word_1_37' title='bbox 1004 313 1051 341; x_wconf 87' lang='lat' dir='ltr'>De</span> <span class='ocrx_word' id='word_1_38' title='bbox 1068 313 1138 339; x_wconf 80' lang='lat' dir='ltr'>linio</span> <span class='ocrx_word' id='word_1_39' title='bbox 1159 313 1281 344; x_wconf 84' lang='lat' dir='ltr'>creatur,</span> 
     </span>
     <span class='ocr_line' id='line_1_14' title="bbox 1006 350 1259 385; baseline -0.008 -7"><span class='ocrx_word' id='word_1_40' title='bbox 1006 350 1096 378; x_wconf 82' lang='lat' dir='ltr'>Amor</span> <span class='ocrx_word' id='word_1_41' title='bbox 1117 352 1259 385; x_wconf 83' lang='lat' dir='ltr'>operatur,</span> 
     </span>
     <span class='ocr_line' id='line_1_15' title="bbox 931 389 1283 424; baseline -0.011 -7"><span class='ocrx_word' id='word_1_42' title='bbox 931 390 1063 424; x_wconf 63' lang='lat' dir='ltr'>Regnum</span> <span class='ocrx_word' id='word_1_43' title='bbox 1083 391 1112 415; x_wconf 87' lang='lat' dir='ltr'>et</span> <span class='ocrx_word' id='word_1_44' title='bbox 1130 389 1283 423; x_wconf 77' lang='lat' dir='ltr'>imperium</span> 
     </span>
     <span class='ocr_line' id='line_1_16' title="bbox 932 425 1337 461; baseline -0.01 -7"><span class='ocrx_word' id='word_1_45' title='bbox 932 427 988 454; x_wconf 87' lang='lat' dir='ltr'>Per</span> <span class='ocrx_word' id='word_1_46' title='bbox 1009 427 1130 454; x_wconf 83' lang='lat' dir='ltr'>verbum</span> <span class='ocrx_word' id='word_1_47' title='bbox 1151 425 1337 461; x_wconf 72' lang='lat' dir='ltr'>participium</span> 
     </span>
     <span class='ocr_line' id='line_1_17' title="bbox 932 463 1279 492; baseline -0.006 0"><span class='ocrx_word' id='word_1_48' title='bbox 932 464 990 492; x_wconf 76' lang='lat' dir='ltr'>Sed</span> <span class='ocrx_word' id='word_1_49' title='bbox 1009 464 1082 492; x_wconf 83' lang='lat' dir='ltr'>bene</span> <span class='ocrx_word' id='word_1_50' title='bbox 1101 463 1279 491; x_wconf 67' lang='lat' dir='ltr'>adverbium.</span> 
     </span>
    </p>
   </div>
   <div class='ocr_carea' id='block_1_4' title="bbox 665 540 974 568">
    <p class='ocr_par' dir='ltr' id='par_1_4' title="bbox 665 540 974 568">
     <span class='ocr_line' id='line_1_18' title="bbox 665 540 974 568; baseline 0.003 -1"><span class='ocrx_word' id='word_1_51' title='bbox 665 540 780 568; x_wconf 85' lang='lat' dir='ltr'>Nudius</span> <span class='ocrx_word' id='word_1_52' title='bbox 800 541 851 567; x_wconf 83' lang='lat' dir='ltr'>vix</span> <span class='ocrx_word' id='word_1_53' title='bbox 871 541 974 568; x_wconf 87' lang='lat' dir='ltr'>tertius</span> 
     </span>
    </p>
   </div>
   <div class='ocr_carea' id='block_1_5' title="bbox 217 693 1491 734">
    <p class='ocr_par' dir='ltr' id='par_1_5' title="bbox 217 693 1491 734">
     <span class='ocr_line' id='line_1_19' title="bbox 217 693 1491 734; baseline 0.001 -11.027"><span class='ocrx_word' id='word_1_54' title='bbox 217 693 268 729; x_wconf 84' lang='lat'>‚2</span> <span class='ocrx_word' id='word_1_55' title='bbox 294 697 326 724; x_wconf 90' lang='lat' dir='ltr'>in</span> <span class='ocrx_word' id='word_1_56' title='bbox 350 696 507 725; x_wconf 74' lang='lat' dir='ltr'>vincibilia</span> <span class='ocrx_word' id='word_1_57' title='bbox 533 698 563 726; x_wconf 84' lang='grc' dir='ltr'>Ο.</span> <span class='ocrx_word' id='word_1_58' title='bbox 588 713 624 717; x_wconf 90' lang='grc'>-</span> <span class='ocrx_word' id='word_1_59' title='bbox 652 699 681 733; x_wconf 84' lang='grc'>’7,</span> <span class='ocrx_word' id='word_1_60' title='bbox 710 699 727 728; x_wconf 85' lang='lat'><strong>7</strong></span> <span class='ocrx_word' id='word_1_61' title='bbox 753 701 854 729; x_wconf 70' lang='lat' dir='ltr'>nescit.</span> <span class='ocrx_word' id='word_1_62' title='bbox 880 701 911 728; x_wconf 86' lang='lat' dir='ltr'>C.</span> <span class='ocrx_word' id='word_1_63' title='bbox 936 715 973 719; x_wconf 91' lang='lat'>—</span> <span class='ocrx_word' id='word_1_64' title='bbox 999 699 1030 734; x_wconf 83' lang='lat'>7,</span> <span class='ocrx_word' id='word_1_65' title='bbox 1058 698 1076 727; x_wconf 87' lang='lat'>8</span> <span class='ocrx_word' id='word_1_66' title='bbox 1102 699 1285 727; x_wconf 78' lang='lat' dir='ltr'>inimicitiam</span> <span class='ocrx_word' id='word_1_67' title='bbox 1316 700 1345 726; x_wconf 62' lang='lat' dir='ltr'>x.</span> <span class='ocrx_word' id='word_1_68' title='bbox 1371 713 1407 717; x_wconf 90' lang='lat'>——</span> <span class='ocrx_word' id='word_1_69' title='bbox 1435 699 1491 725; x_wconf 59' lang='lat' dir='ltr'>Str¹</span> 
     </span>
    </p>
   </div>
   <div class='ocr_carea' id='block_1_6' title="bbox 703 578 1073 652">
    <p class='ocr_par' dir='ltr' id='par_1_6' title="bbox 703 578 1066 652">
     <span class='ocr_line' id='line_1_20' title="bbox 703 578 1042 611; baseline -0.003 -6"><span class='ocrx_word' id='word_1_70' title='bbox 703 578 862 605; x_wconf 84' lang='lat' dir='ltr'>Reclinans</span> <span class='ocrx_word' id='word_1_71' title='bbox 882 578 1042 611; x_wconf 87' lang='lat' dir='ltr'>damnatur,</span> 
     </span>
     <span class='ocr_line' id='line_1_21' title="bbox 705 615 1073 652; baseline -0.003 -10"><span class='ocrx_word' id='word_1_72' title='bbox 705 615 729 642; x_wconf 95' lang='lat' dir='ltr'>O</span> <span class='ocrx_word' id='word_1_73' title='bbox 747 623 836 649; x_wconf 85' lang='lat' dir='ltr'>amor,</span> <span class='ocrx_word' id='word_1_74' title='bbox 857 624 914 652; x_wconf 83' lang='lat' dir='ltr'>quo</span> <span class='ocrx_word' id='word_1_75' title='bbox 934 616 1073 643; x_wconf 79' lang='lat' dir='ltr'>salvatur.</span> 
     </span>
    </p>
   </div>
   <div class='ocr_carea' id='block_1_7' title="bbox 192 730 1202 775">
    <p class='ocr_par' dir='ltr' id='par_1_7' title="bbox 192 730 1202 775">
     <span class='ocr_line' id='line_1_22' title="bbox 192 730 1202 775; baseline 0.005 -15"><span class='ocrx_word' id='word_1_76' title='bbox 192 730 210 761; x_wconf 89' lang='lat'>8</span> <span class='ocrx_word' id='word_1_77' title='bbox 230 742 259 760; x_wconf 89' lang='lat' dir='ltr'>u.</span> <span class='ocrx_word' id='word_1_78' title='bbox 279 734 306 762; x_wconf 86' lang='lat' dir='ltr'>ff.</span> <span class='ocrx_word' id='word_1_79' title='bbox 327 733 425 762; x_wconf 84' lang='lat' dir='ltr'>fehlen</span> <span class='ocrx_word' id='word_1_80' title='bbox 445 735 476 768; x_wconf 88' lang='lat' dir='ltr'>C,</span> <span class='ocrx_word' id='word_1_81' title='bbox 497 737 622 764; x_wconf 79' lang='lat' dir='ltr'>welches</span> <span class='ocrx_word' id='word_1_82' title='bbox 642 737 726 766; x_wconf 80' lang='lat' dir='ltr'>‹lafur</span> <span class='ocrx_word' id='word_1_83' title='bbox 745 739 792 767; x_wconf 80' lang='lat' dir='ltr'>(lie</span> <span class='ocrx_word' id='word_1_84' title='bbox 811 738 965 775; x_wconf 68' lang='lat' dir='ltr'>folgenden</span> <span class='ocrx_word' id='word_1_85' title='bbox 984 738 1040 766; x_wconf 84' lang='lat' dir='ltr'>Str.</span> <span class='ocrx_word' id='word_1_86' title='bbox 1063 738 1202 765; x_wconf 85' lang='lat' dir='ltr'>einstellt:</span> 
     </span>
    </p>
   </div>
   <div class='ocr_carea' id='block_1_8' title="bbox 251 819 662 894">
    <p class='ocr_par' dir='ltr' id='par_1_8' title="bbox 251 819 662 894">
     <span class='ocr_line' id='line_1_23' title="bbox 255 819 636 856; baseline 0.008 -10"><span class='ocrx_word' id='word_1_87' title='bbox 255 819 312 846; x_wconf 85' lang='lat' dir='ltr'>Per</span> <span class='ocrx_word' id='word_1_88' title='bbox 329 822 358 847; x_wconf 89' lang='lat' dir='ltr'>te</span> <span class='ocrx_word' id='word_1_89' title='bbox 377 820 461 856; x_wconf 86' lang='lat' dir='ltr'>virgo</span> <span class='ocrx_word' id='word_1_90' title='bbox 483 821 636 856; x_wconf 83' lang='lat' dir='ltr'>salutatur,</span> 
     </span>
     <span class='ocr_line' id='line_1_24' title="bbox 251 856 662 894; baseline 0.007 -10"><span class='ocrx_word' id='word_1_91' title='bbox 251 856 347 891; x_wconf 86' lang='lat' dir='ltr'><strong>Flore,</strong></span> <span class='ocrx_word' id='word_1_92' title='bbox 367 857 463 885; x_wconf 80' lang='lat' dir='ltr'>fructu</span> <span class='ocrx_word' id='word_1_93' title='bbox 484 859 662 894; x_wconf 80' lang='lat' dir='ltr'>fecundatur,</span> 
     </span>
    </p>
   </div>
   <div class='ocr_carea' id='block_1_9' title="bbox 250 895 722 971">
    <p class='ocr_par' dir='ltr' id='par_1_9' title="bbox 250 895 722 971">
     <span class='ocr_line' id='line_1_25' title="bbox 287 895 692 931; baseline 0.005 -9"><span class='ocrx_word' id='word_1_94' title='bbox 287 895 338 923; x_wconf 89' lang='lat' dir='ltr'>Fit</span> <span class='ocrx_word' id='word_1_95' title='bbox 356 903 461 931; x_wconf 84' lang='lat' dir='ltr'>parens</span> <span class='ocrx_word' id='word_1_96' title='bbox 481 905 602 925; x_wconf 82' lang='lat' dir='ltr'>manens</span> <span class='ocrx_word' id='word_1_97' title='bbox 622 897 692 925; x_wconf 81' lang='lat' dir='ltr'>fflia.</span> 
     </span>
     <span class='ocr_line' id='line_1_26' title="bbox 250 933 722 971; baseline 0.008 -12"><span class='ocrx_word' id='word_1_98' title='bbox 250 933 307 960; x_wconf 83' lang='lat' dir='ltr'>Per</span> <span class='ocrx_word' id='word_1_99' title='bbox 326 941 412 969; x_wconf 86' lang='lat' dir='ltr'>quem</span> <span class='ocrx_word' id='word_1_100' title='bbox 431 936 525 962; x_wconf 83' lang='lat' dir='ltr'>mater</span> <span class='ocrx_word' id='word_1_101' title='bbox 544 935 722 971; x_wconf 78' lang='lat' dir='ltr'>honestatur,</span> 
     </span>
    </p>
   </div>
   <div class='ocr_carea' id='block_1_10' title="bbox 249 971 673 1158">
    <p class='ocr_par' dir='ltr' id='par_1_10' title="bbox 249 971 673 1158">
     <span class='ocr_line' id='line_1_27' title="bbox 249 971 560 1006; baseline 0.003 -8"><span class='ocrx_word' id='word_1_102' title='bbox 249 971 389 998; x_wconf 76' lang='lat' dir='ltr'>Inimicus</span> <span class='ocrx_word' id='word_1_103' title='bbox 411 973 560 1006; x_wconf 81' lang='lat' dir='ltr'>amicatur,</span> 
     </span>
     <span class='ocr_line' id='line_1_28' title="bbox 288 1009 610 1045; baseline 0 -9"><span class='ocrx_word' id='word_1_104' title='bbox 288 1009 384 1036; x_wconf 86' lang='lat' dir='ltr'>Datus</span> <span class='ocrx_word' id='word_1_105' title='bbox 408 1011 487 1036; x_wconf 92' lang='lat' dir='ltr'>omni</span> <span class='ocrx_word' id='word_1_106' title='bbox 506 1012 610 1045; x_wconf 87' lang='lat' dir='ltr'>gratia,</span> 
     </span>
     <span class='ocr_line' id='line_1_29' title="bbox 253 1046 673 1083; baseline 0.002 -9"><span class='ocrx_word' id='word_1_107' title='bbox 253 1046 374 1074; x_wconf 82' lang='lat' dir='ltr'>Ocelum</span> <span class='ocrx_word' id='word_1_108' title='bbox 394 1047 502 1074; x_wconf 83' lang='lat' dir='ltr'>mundo</span> <span class='ocrx_word' id='word_1_109' title='bbox 522 1047 673 1083; x_wconf 83' lang='lat' dir='ltr'>figuratur,</span> 
     </span>
     <span class='ocr_line' id='line_1_30' title="bbox 251 1083 668 1120; baseline 0.005 -9"><span class='ocrx_word' id='word_1_110' title='bbox 251 1083 346 1120; x_wconf 81' lang='lat' dir='ltr'>Super</span> <span class='ocrx_word' id='word_1_111' title='bbox 369 1083 472 1111; x_wconf 86' lang='lat' dir='ltr'>choros</span> <span class='ocrx_word' id='word_1_112' title='bbox 493 1086 668 1113; x_wconf 82' lang='lat' dir='ltr'>sublimatur</span> 
     </span>
     <span class='ocr_line' id='line_1_31' title="bbox 288 1121 643 1158; baseline 0.006 -10"><span class='ocrx_word' id='word_1_113' title='bbox 288 1121 468 1157; x_wconf 85' lang='lat' dir='ltr'>Angelorum</span> <span class='ocrx_word' id='word_1_114' title='bbox 488 1123 520 1149; x_wconf 89' lang='lat' dir='ltr'>in</span> <span class='ocrx_word' id='word_1_115' title='bbox 538 1123 643 1158; x_wconf 85' lang='lat' dir='ltr'>gloria,</span> 
     </span>
    </p>
   </div>
   <div class='ocr_carea' id='block_1_11' title="bbox 289 1160 690 1193">
    <p class='ocr_par' dir='ltr' id='par_1_11' title="bbox 289 1160 690 1193">
     <span class='ocr_line' id='line_1_32' title="bbox 289 1160 690 1193; baseline -0.002 -5"><span class='ocrx_word' id='word_1_116' title='bbox 289 1160 312 1188; x_wconf 95' lang='lat' dir='ltr'>O</span> <span class='ocrx_word' id='word_1_117' title='bbox 334 1167 423 1193; x_wconf 89' lang='lat' dir='ltr'>amor,</span> <span class='ocrx_word' id='word_1_118' title='bbox 444 1161 562 1188; x_wconf 86' lang='lat' dir='ltr'>vincens</span> <span class='ocrx_word' id='word_1_119' title='bbox 584 1162 690 1188; x_wconf 82' lang='lat' dir='ltr'>omnia.</span> 
     </span>
    </p>
   </div>
   <div class='ocr_carea' id='block_1_12' title="bbox 249 1197 675 1383">
    <p class='ocr_par' dir='ltr' id='par_1_12' title="bbox 249 1197 675 1383">
     <span class='ocr_line' id='line_1_33' title="bbox 252 1197 660 1231; baseline 0.002 -7"><span class='ocrx_word' id='word_1_120' title='bbox 252 1198 315 1231; x_wconf 79' lang='lat' dir='ltr'>Quo</span> <span class='ocrx_word' id='word_1_121' title='bbox 336 1197 473 1231; x_wconf 81' lang='lat' dir='ltr'>majestas</span> <span class='ocrx_word' id='word_1_122' title='bbox 493 1199 660 1231; x_wconf 85' lang='lat' dir='ltr'>inclinatur,</span> 
     </span>
     <span class='ocr_line' id='line_1_34' title="bbox 249 1233 603 1263; baseline 0.003 -1"><span class='ocrx_word' id='word_1_123' title='bbox 249 1235 307 1262; x_wconf 84' lang='lat' dir='ltr'>Dei</span> <span class='ocrx_word' id='word_1_124' title='bbox 327 1236 421 1262; x_wconf 81' lang='lat' dir='ltr'>virtus</span> <span class='ocrx_word' id='word_1_125' title='bbox 441 1233 603 1263; x_wconf 85' lang='lat' dir='ltr'>infirmatur</span> 
     </span>
     <span class='ocr_line' id='line_1_35' title="bbox 251 1273 666 1309; baseline 0 -9"><span class='ocrx_word' id='word_1_126' title='bbox 251 1273 323 1300; x_wconf 86' lang='lat' dir='ltr'>Cum</span> <span class='ocrx_word' id='word_1_127' title='bbox 339 1274 479 1308; x_wconf 83' lang='lat' dir='ltr'>jumentis</span> <span class='ocrx_word' id='word_1_128' title='bbox 503 1273 666 1309; x_wconf 81' lang='lat' dir='ltr'>(leputatur,</span> 
     </span>
     <span class='ocr_line' id='line_1_36' title="bbox 251 1310 554 1346; baseline 0.003 -9"><span class='ocrx_word' id='word_1_129' title='bbox 251 1310 423 1346; x_wconf 80' lang='lat' dir='ltr'>Depom&#39;tur,</span> <span class='ocrx_word' id='word_1_130' title='bbox 444 1310 554 1346; x_wconf 78' lang='lat' dir='ltr'>ligatur</span> 
     </span>
     <span class='ocr_line' id='line_1_37' title="bbox 288 1348 675 1383; baseline 0 -7"><span class='ocrx_word' id='word_1_131' title='bbox 288 1348 478 1383; x_wconf 85' lang='lat' dir='ltr'>Omnipotens</span> <span class='ocrx_word' id='word_1_132' title='bbox 498 1349 530 1375; x_wconf 91' lang='lat' dir='ltr'>in</span> <span class='ocrx_word' id='word_1_133' title='bbox 551 1349 675 1376; x_wconf 87' lang='lat' dir='ltr'>stabulo.</span> 
     </span>
    </p>
   </div>
   <div class='ocr_carea' id='block_1_13' title="bbox 930 822 1404 1385">
    <p class='ocr_par' dir='ltr' id='par_1_13' title="bbox 931 822 1404 971">
     <span class='ocr_line' id='line_1_38' title="bbox 935 822 1303 853; baseline -0.011 -2"><span class='ocrx_word' id='word_1_134' title='bbox 935 822 999 851; x_wconf 84' lang='lat' dir='ltr'>Rex</span> <span class='ocrx_word' id='word_1_135' title='bbox 1018 822 1115 850; x_wconf 84' lang='lat' dir='ltr'>David</span> <span class='ocrx_word' id='word_1_136' title='bbox 1134 822 1303 853; x_wconf 80' lang='lat' dir='ltr'>infatuatur,</span> 
     </span>
     <span class='ocr_line' id='line_1_39' title="bbox 931 861 1264 892; baseline -0.009 -3"><span class='ocrx_word' id='word_1_137' title='bbox 931 862 1068 889; x_wconf 85' lang='lat' dir='ltr'>Elisaeus</span> <span class='ocrx_word' id='word_1_138' title='bbox 1088 861 1264 892; x_wconf 75' lang='lat' dir='ltr'>incurvatur,</span> 
     </span>
     <span class='ocr_line' id='line_1_40' title="bbox 932 897 1404 935; baseline -0.008 -8"><span class='ocrx_word' id='word_1_139' title='bbox 932 898 1076 935; x_wconf 83' lang='lat' dir='ltr'>Splendor</span> <span class='ocrx_word' id='word_1_140' title='bbox 1094 899 1186 933; x_wconf 84' lang='lat' dir='ltr'>patris</span> <span class='ocrx_word' id='word_1_141' title='bbox 1208 897 1404 931; x_wconf 73' lang='lat' dir='ltr'>obumbratur,</span> 
     </span>
     <span class='ocr_line' id='line_1_41' title="bbox 931 936 1298 971; baseline -0.008 -7"><span class='ocrx_word' id='word_1_142' title='bbox 931 937 998 964; x_wconf 87' lang='lat' dir='ltr'>Non</span> <span class='ocrx_word' id='word_1_143' title='bbox 1016 937 1155 970; x_wconf 87' lang='lat' dir='ltr'>noscitur,</span> <span class='ocrx_word' id='word_1_144' title='bbox 1175 936 1298 971; x_wconf 84' lang='lat' dir='ltr'>negatur</span> 
     </span>
    </p>

    <p class='ocr_par' dir='ltr' id='par_1_14' title="bbox 931 972 1381 1159">
     <span class='ocr_line' id='line_1_42' title="bbox 969 972 1336 1009; baseline -0.008 -8"><span class='ocrx_word' id='word_1_145' title='bbox 969 974 996 1001; x_wconf 90' lang='lat' dir='ltr'>A</span> <span class='ocrx_word' id='word_1_146' title='bbox 1015 974 1141 1009; x_wconf 84' lang='lat' dir='ltr'>propriis</span> <span class='ocrx_word' id='word_1_147' title='bbox 1161 974 1192 1000; x_wconf 88' lang='lat' dir='ltr'>in</span> <span class='ocrx_word' id='word_1_148' title='bbox 1212 972 1336 1000; x_wconf 81' lang='lat' dir='ltr'>saeculo.</span> 
     </span>
     <span class='ocr_line' id='line_1_43' title="bbox 935 1010 1253 1046; baseline -0.006 -7"><span class='ocrx_word' id='word_1_149' title='bbox 935 1010 1087 1040; x_wconf 83' lang='lat' dir='ltr'>Fortitudo</span> <span class='ocrx_word' id='word_1_150' title='bbox 1107 1011 1253 1046; x_wconf 80' lang='lat' dir='ltr'>fatigatur,</span> 
     </span>
     <span class='ocr_line' id='line_1_44' title="bbox 931 1047 1330 1079; baseline -0.008 -3"><span class='ocrx_word' id='word_1_151' title='bbox 931 1049 1021 1077; x_wconf 87' lang='lat' dir='ltr'>Panis</span> <span class='ocrx_word' id='word_1_152' title='bbox 1044 1057 1127 1075; x_wconf 59' lang='lat' dir='ltr'>verus</span> <span class='ocrx_word' id='word_1_153' title='bbox 1147 1048 1218 1075; x_wconf 87' lang='lat' dir='ltr'>fami</span> <span class='ocrx_word' id='word_1_154' title='bbox 1237 1047 1330 1079; x_wconf 84' lang='lat' dir='ltr'>datur,</span> 
     </span>
     <span class='ocr_line' id='line_1_45' title="bbox 931 1084 1381 1119; baseline -0.009 -5"><span class='ocrx_word' id='word_1_155' title='bbox 931 1088 1007 1114; x_wconf 82' lang='lat' dir='ltr'>Fons</span> <span class='ocrx_word' id='word_1_156' title='bbox 1028 1087 1161 1119; x_wconf 83' lang='lat' dir='ltr'>siccatur,</span> <span class='ocrx_word' id='word_1_157' title='bbox 1180 1087 1226 1113; x_wconf 65' lang='lat' dir='ltr'>vis</span> <span class='ocrx_word' id='word_1_158' title='bbox 1246 1084 1298 1111; x_wconf 73' lang='lat' dir='ltr'>las¹</span> <span class='ocrx_word' id='word_1_159' title='bbox 1307 1087 1381 1118; x_wconf 86' lang='lat' dir='ltr'>atur,</span> 
     </span>
     <span class='ocr_line' id='line_1_46' title="bbox 932 1124 1269 1159; baseline -0.009 -7"><span class='ocrx_word' id='word_1_160' title='bbox 932 1124 1097 1159; x_wconf 76' lang='lat' dir='ltr'>configitur,</span> <span class='ocrx_word' id='word_1_161' title='bbox 1119 1124 1269 1150; x_wconf 77' lang='lat' dir='ltr'>lanceatur</span> 
     </span>
    </p>

    <p class='ocr_par' dir='ltr' id='par_1_15' title="bbox 930 1159 1348 1345">
     <span class='ocr_line' id='line_1_47' title="bbox 968 1159 1346 1196; baseline -0.008 -8"><span class='ocrx_word' id='word_1_162' title='bbox 968 1162 1003 1189; x_wconf 89' lang='lat' dir='ltr'>In</span> <span class='ocrx_word' id='word_1_163' title='bbox 1023 1162 1115 1188; x_wconf 86' lang='lat' dir='ltr'>crucis</span> <span class='ocrx_word' id='word_1_164' title='bbox 1135 1169 1186 1188; x_wconf 78' lang='lat' dir='ltr'>rex</span> <span class='ocrx_word' id='word_1_165' title='bbox 1204 1159 1346 1196; x_wconf 85' lang='lat' dir='ltr'>patibulo.</span> 
     </span>
     <span class='ocr_line' id='line_1_48' title="bbox 930 1198 1305 1229; baseline -0.008 -2"><span class='ocrx_word' id='word_1_166' title='bbox 930 1200 986 1227; x_wconf 87' lang='lat' dir='ltr'>Per</span> <span class='ocrx_word' id='word_1_167' title='bbox 1006 1201 1034 1226; x_wconf 85' lang='lat' dir='ltr'>te</span> <span class='ocrx_word' id='word_1_168' title='bbox 1054 1200 1118 1226; x_wconf 85' lang='lat' dir='ltr'>vita</span> <span class='ocrx_word' id='word_1_169' title='bbox 1136 1198 1305 1229; x_wconf 79' lang='lat' dir='ltr'>infirmatur,</span> 
     </span>
     <span class='ocr_line' id='line_1_49' title="bbox 930 1234 1348 1266; baseline -0.005 -2"><span class='ocrx_word' id='word_1_170' title='bbox 930 1238 1021 1264; x_wconf 81' lang='lat' dir='ltr'>Totus</span> <span class='ocrx_word' id='word_1_171' title='bbox 1041 1234 1165 1263; x_wconf 89' lang='lat' dir='ltr'>mundus</span> <span class='ocrx_word' id='word_1_172' title='bbox 1185 1237 1348 1266; x_wconf 79' lang='lat' dir='ltr'>innovatur,</span> 
     </span>
     <span class='ocr_line' id='line_1_50' title="bbox 930 1274 1254 1310; baseline -0.006 -8"><span class='ocrx_word' id='word_1_173' title='bbox 930 1274 1089 1302; x_wconf 83' lang='lat' dir='ltr'>Paradisus</span> <span class='ocrx_word' id='word_1_174' title='bbox 1108 1275 1254 1310; x_wconf 83' lang='lat' dir='ltr'>irrigatur,</span> 
     </span>
     <span class='ocr_line' id='line_1_51' title="bbox 931 1312 1282 1345; baseline -0.009 -5"><span class='ocrx_word' id='word_1_175' title='bbox 931 1312 984 1340; x_wconf 81' lang='lat' dir='ltr'>Vis</span> <span class='ocrx_word' id='word_1_176' title='bbox 1003 1312 1133 1345; x_wconf 84' lang='lat' dir='ltr'>moritur,</span> <span class='ocrx_word' id='word_1_177' title='bbox 1154 1313 1282 1338; x_wconf 81' lang='lat' dir='ltr'>mutatur</span> 
     </span>
    </p>

    <p class='ocr_par' dir='ltr' id='par_1_16' title="bbox 966 1348 1351 1385">
     <span class='ocr_line' id='line_1_52' title="bbox 966 1348 1351 1385; baseline -0.005 -8"><span class='ocrx_word' id='word_1_178' title='bbox 966 1350 1105 1382; x_wconf 77' lang='lat' dir='ltr'>Decorus,</span> <span class='ocrx_word' id='word_1_179' title='bbox 1126 1348 1159 1376; x_wconf 82' lang='lat' dir='ltr'>fit</span> <span class='ocrx_word' id='word_1_180' title='bbox 1177 1348 1351 1385; x_wconf 73' lang='lat' dir='ltr'>spectaculo.</span> 
     </span>
    </p>
   </div>
   <div class='ocr_carea' id='block_1_14' title="bbox 664 1425 1033 1453">
    <p class='ocr_par' dir='ltr' id='par_1_17' title="bbox 664 1425 1033 1453">
     <span class='ocr_line' id='line_1_53' title="bbox 664 1425 1033 1453; baseline -0.003 0"><span class='ocrx_word' id='word_1_181' title='bbox 664 1425 688 1453; x_wconf 91' lang='lat' dir='ltr'>O</span> <span class='ocrx_word' id='word_1_182' title='bbox 710 1433 790 1453; x_wconf 82' lang='lat' dir='ltr'>amor</span> <span class='ocrx_word' id='word_1_183' title='bbox 810 1425 904 1453; x_wconf 83' lang='lat' dir='ltr'>dulcis</span> <span class='ocrx_word' id='word_1_184' title='bbox 923 1426 1033 1453; x_wconf 83' lang='lat' dir='ltr'>osculo.</span> 
     </span>
    </p>
   </div>
   <div class='ocr_carea' id='block_1_15' title="bbox 189 1508 1489 1582">
    <p class='ocr_par' dir='ltr' id='par_1_18' title="bbox 189 1508 1489 1582">
     <span class='ocr_line' id='line_1_54' title="bbox 268 1508 1341 1538; baseline 0.002 -3"><span class='ocrx_word' id='word_1_185' title='bbox 268 1508 304 1535; x_wconf 89' lang='lat' dir='ltr'>In</span> <span class='ocrx_word' id='word_1_186' title='bbox 333 1509 384 1537; x_wconf 84' lang='lat' dir='ltr'>der</span> <span class='ocrx_word' id='word_1_187' title='bbox 407 1508 463 1536; x_wconf 85' lang='lat' dir='ltr'>Hs.</span> <span class='ocrx_word' id='word_1_188' title='bbox 488 1509 512 1536; x_wconf 88' lang='grc' dir='ltr'>Β</span> <span class='ocrx_word' id='word_1_189' title='bbox 542 1509 621 1537; x_wconf 77' lang='lat' dir='ltr'>steht</span> <span class='ocrx_word' id='word_1_190' title='bbox 645 1510 721 1537; x_wconf 87' lang='lat' dir='ltr'>noch</span> <span class='ocrx_word' id='word_1_191' title='bbox 749 1511 797 1537; x_wconf 83' lang='lat' dir='ltr'>ein</span> <span class='ocrx_word' id='word_1_192' title='bbox 821 1510 943 1537; x_wconf 86' lang='lat' dir='ltr'>andercr</span> <span class='ocrx_word' id='word_1_193' title='bbox 962 1509 1143 1538; x_wconf 80' lang='lat' dir='ltr'>verwandter</span> <span class='ocrx_word' id='word_1_194' title='bbox 1163 1508 1341 1537; x_wconf 42' lang='lat' dir='ltr'>Condat-tus,</span> 
     </span>
     <span class='ocr_line' id='line_1_55' title="bbox 189 1543 1489 1582; baseline -0.001 -8"><span class='ocrx_word' id='word_1_195' title='bbox 189 1547 278 1574; x_wconf 84' lang='lat' dir='ltr'>Mone</span> <span class='ocrx_word' id='word_1_196' title='bbox 302 1547 331 1581; x_wconf 89' lang='grc' dir='ltr'>Ι,</span> <span class='ocrx_word' id='word_1_197' title='bbox 362 1543 417 1574; x_wconf 80' lang='grc'>237</span> <span class='ocrx_word' id='word_1_198' title='bbox 447 1547 591 1582; x_wconf 82' lang='lat' dir='ltr'>gedruckt</span> <span class='ocrx_word' id='word_1_199' title='bbox 618 1548 669 1581; x_wconf 79' lang='lat' dir='ltr'>ist,</span> <span class='ocrx_word' id='word_1_200' title='bbox 701 1547 760 1575; x_wconf 78' lang='lat' dir='ltr'>untl</span> <span class='ocrx_word' id='word_1_201' title='bbox 784 1556 837 1576; x_wconf 88' lang='lat' dir='ltr'>aus</span> <span class='ocrx_word' id='word_1_202' title='bbox 863 1548 952 1575; x_wconf 85' lang='lat' dir='ltr'>Mone</span> <span class='ocrx_word' id='word_1_203' title='bbox 976 1548 1024 1575; x_wconf 82' lang='lat' dir='ltr'>bei</span> <span class='ocrx_word' id='word_1_204' title='bbox 1046 1548 1153 1575; x_wconf 87' lang='lat' dir='ltr'>Daniel</span> <span class='ocrx_word' id='word_1_205' title='bbox 1173 1548 1214 1581; x_wconf 93' lang='lat' dir='ltr'>V,</span> <span class='ocrx_word' id='word_1_206' title='bbox 1239 1544 1294 1574; x_wconf 81' lang='lat'>203</span> <span class='ocrx_word' id='word_1_207' title='bbox 1319 1547 1377 1574; x_wconf 81' lang='lat' dir='ltr'>und</span> <span class='ocrx_word' id='word_1_208' title='bbox 1399 1547 1489 1574; x_wconf 83' lang='lat' dir='ltr'>Kehr-</span> 
     </span>
    </p>
   </div>
   <div class='ocr_carea' id='block_1_16' title="bbox 190 1582 323 1612">
    <p class='ocr_par' dir='ltr' id='par_1_19' title="bbox 190 1582 323 1612">
     <span class='ocr_line' id='line_1_56' title="bbox 190 1582 323 1612; baseline 0 0"><span class='ocrx_word' id='word_1_209' title='bbox 190 1585 238 1612; x_wconf 88' lang='lat' dir='ltr'>ein</span> <span class='ocrx_word' id='word_1_210' title='bbox 260 1582 323 1612; x_wconf 88' lang='lat'>113.</span> 
     </span>
    </p>
   </div>
   <div class='ocr_carea' id='block_1_17' title="bbox 186 1841 653 1975">
    <p class='ocr_par' dir='ltr' id='par_1_20' title="bbox 186 1841 653 1975">
     <span class='ocr_line' id='line_1_57' title="bbox 186 1841 653 1883; baseline -0.004 -9"><span class='ocrx_word' id='word_1_211' title='bbox 186 1841 216 1875; x_wconf 88' lang='lat'>1.</span> <span class='ocrx_word' id='word_1_212' title='bbox 244 1842 349 1883; x_wconf 81' lang='lat' dir='ltr'>Salve,</span> <span class='ocrx_word' id='word_1_213' title='bbox 374 1844 468 1881; x_wconf 80' lang='lat' dir='ltr'>pater</span> <span class='ocrx_word' id='word_1_214' title='bbox 491 1842 653 1874; x_wconf 86' lang='lat' dir='ltr'>nominum</span> 
     </span>
     <span class='ocr_line' id='line_1_58' title="bbox 243 1890 400 1929; baseline -0.006 -7"><span class='ocrx_word' id='word_1_215' title='bbox 243 1890 400 1929; x_wconf 88' lang='lat' dir='ltr'>Omnium,</span> 
     </span>
     <span class='ocr_line' id='line_1_59' title="bbox 289 1935 549 1975; baseline -0.004 -7"><span class='ocrx_word' id='word_1_216' title='bbox 289 1937 374 1969; x_wconf 82' lang='lat' dir='ltr'>salus</span> <span class='ocrx_word' id='word_1_217' title='bbox 398 1935 549 1975; x_wconf 86' lang='lat' dir='ltr'>fidelium,</span> 
     </span>
    </p>
   </div>
   <div class='ocr_carea' id='block_1_18' title="bbox 241 1983 723 2023">
    <p class='ocr_par' dir='ltr' id='par_1_21' title="bbox 241 1983 723 2023">
     <span class='ocr_line' id='line_1_60' title="bbox 241 1983 723 2023; baseline -0.004 -7"><span class='ocrx_word' id='word_1_218' title='bbox 241 1984 291 2016; x_wconf 87' lang='lat' dir='ltr'>Tu</span> <span class='ocrx_word' id='word_1_219' title='bbox 314 1992 435 2017; x_wconf 87' lang='lat' dir='ltr'>summa</span> <span class='ocrx_word' id='word_1_220' title='bbox 459 1992 532 2023; x_wconf 84' lang='lat' dir='ltr'>spes</span> <span class='ocrx_word' id='word_1_221' title='bbox 553 1983 723 2023; x_wconf 89' lang='lat' dir='ltr'>hominum,</span> 
     </span>
    </p>
   </div>
   <div class='ocr_carea' id='block_1_19' title="bbox 239 2030 655 2260">
    <p class='ocr_par' dir='ltr' id='par_1_22' title="bbox 240 2030 370 2063">
     <span class='ocr_line' id='line_1_61' title="bbox 240 2030 370 2063; baseline 0 0"><span class='ocrx_word' id='word_1_222' title='bbox 240 2030 370 2063; x_wconf 82' lang='lat' dir='ltr'>Miseris</span> 
     </span>
    </p>

    <p class='ocr_par' dir='ltr' id='par_1_23' title="bbox 239 2076 655 2207">
     <span class='ocr_line' id='line_1_62' title="bbox 287 2076 655 2117; baseline -0.003 -6"><span class='ocrx_word' id='word_1_223' title='bbox 287 2079 368 2111; x_wconf 81' lang='lat' dir='ltr'>&lt;lans</span> <span class='ocrx_word' id='word_1_224' title='bbox 392 2078 533 2110; x_wconf 76' lang='lat' dir='ltr'>solamen</span> <span class='ocrx_word' id='word_1_225' title='bbox 556 2076 655 2117; x_wconf 77' lang='lat' dir='ltr'>pium.</span> 
     </span>
     <span class='ocr_line' id='line_1_63' title="bbox 243 2125 646 2167; baseline -0.012 -6"><span class='ocrx_word' id='word_1_226' title='bbox 243 2127 332 2167; x_wconf 83' lang='lat' dir='ltr'>Jcsu,</span> <span class='ocrx_word' id='word_1_227' title='bbox 360 2125 457 2158; x_wconf 82' lang='lat' dir='ltr'>decor</span> <span class='ocrx_word' id='word_1_228' title='bbox 480 2125 646 2167; x_wconf 83' lang='lat' dir='ltr'>virginum,</span> 
     </span>
     <span class='ocr_line' id='line_1_64' title="bbox 239 2174 409 2207; baseline -0.018 0"><span class='ocrx_word' id='word_1_229' title='bbox 239 2174 409 2207; x_wconf 86' lang='lat' dir='ltr'>Servorum</span> 
     </span>
    </p>

    <p class='ocr_par' dir='ltr' id='par_1_24' title="bbox 285 2220 620 2260">
     <span class='ocr_line' id='line_1_65' title="bbox 285 2220 620 2260; baseline -0.003 -7"><span class='ocrx_word' id='word_1_230' title='bbox 285 2225 410 2254; x_wconf 87' lang='lat' dir='ltr'>tuorum</span> <span class='ocrx_word' id='word_1_231' title='bbox 434 2220 620 2260; x_wconf 84' lang='lat' dir='ltr'>praemium,</span> 
     </span>
    </p>
   </div>
   <div class='ocr_carea' id='block_1_20' title="bbox 236 2268 695 2309">
    <p class='ocr_par' dir='ltr' id='par_1_25' title="bbox 236 2268 695 2309">
     <span class='ocr_line' id='line_1_66' title="bbox 236 2268 695 2309; baseline -0.009 -6"><span class='ocrx_word' id='word_1_232' title='bbox 236 2270 361 2303; x_wconf 79' lang='lat' dir='ltr'>Munda</span> <span class='ocrx_word' id='word_1_233' title='bbox 384 2268 496 2301; x_wconf 86' lang='lat' dir='ltr'>sordes</span> <span class='ocrx_word' id='word_1_234' title='bbox 521 2268 695 2309; x_wconf 86' lang='lat' dir='ltr'>criminum,</span> 
     </span>
    </p>
   </div>
   <div class='ocr_carea' id='block_1_21' title="bbox 236 2317 557 2400">
    <p class='ocr_par' dir='ltr' id='par_1_26' title="bbox 236 2317 557 2400">
     <span class='ocr_line' id='line_1_67' title="bbox 236 2317 394 2351; baseline -0.013 0"><span class='ocrx_word' id='word_1_235' title='bbox 236 2317 394 2351; x_wconf 66' lang='lat' dir='ltr'>&#39;tribuens</span> 
     </span>
     <span class='ocr_line' id='line_1_68' title="bbox 282 2364 557 2400; baseline 0.004 -1"><span class='ocrx_word' id='word_1_236' title='bbox 282 2366 346 2400; x_wconf 85' lang='lat' dir='ltr'>reis</span> <span class='ocrx_word' id='word_1_237' title='bbox 372 2364 557 2400; x_wconf 80' lang='lat' dir='ltr'>remedium.</span> 
     </span>
    </p>
   </div>
   <div class='ocr_carea' id='block_1_22' title="bbox 866 1840 1264 1881">
    <p class='ocr_par' dir='ltr' id='par_1_27' title="bbox 866 1840 1264 1881">
     <span class='ocr_line' id='line_1_69' title="bbox 866 1840 1264 1881; baseline -0.005 -7"><span class='ocrx_word' id='word_1_238' title='bbox 866 1843 897 1874; x_wconf 84' lang='lat'>2.</span> <span class='ocrx_word' id='word_1_239' title='bbox 925 1842 1029 1881; x_wconf 86' lang='lat' dir='ltr'>Salve,</span> <span class='ocrx_word' id='word_1_240' title='bbox 1052 1840 1099 1872; x_wconf 82' lang='lat' dir='ltr'>fili</span> <span class='ocrx_word' id='word_1_241' title='bbox 1123 1841 1264 1881; x_wconf 82' lang='lat' dir='ltr'>virginis,</span> 
     </span>
    </p>
   </div>
   <div class='ocr_carea' id='block_1_23' title="bbox 917 1889 1351 2398">
    <p class='ocr_par' dir='ltr' id='par_1_28' title="bbox 925 1889 1049 1921">
     <span class='ocr_line' id='line_1_70' title="bbox 925 1889 1049 1921; baseline -0.016 0"><span class='ocrx_word' id='word_1_242' title='bbox 925 1889 1049 1921; x_wconf 81' lang='lat' dir='ltr'>Mariae</span> 
     </span>
    </p>

    <p class='ocr_par' dir='ltr' id='par_1_29' title="bbox 920 1935 1326 2070">
     <span class='ocr_line' id='line_1_71' title="bbox 971 1935 1267 1975; baseline -0.007 -7"><span class='ocrx_word' id='word_1_243' title='bbox 971 1940 1005 1969; x_wconf 89' lang='lat' dir='ltr'>tu</span> <span class='ocrx_word' id='word_1_244' title='bbox 1028 1935 1267 1975; x_wconf 84' lang='lat' dir='ltr'>primogenitus,</span> 
     </span>
     <span class='ocr_line' id='line_1_72' title="bbox 923 1982 1326 2026; baseline -0.005 -10"><span class='ocrx_word' id='word_1_245' title='bbox 923 1984 1002 2026; x_wconf 85' lang='lat' dir='ltr'>Ave,</span> <span class='ocrx_word' id='word_1_246' title='bbox 1030 1982 1131 2014; x_wconf 87' lang='lat' dir='ltr'>victor</span> <span class='ocrx_word' id='word_1_247' title='bbox 1157 1982 1326 2025; x_wconf 75' lang='lat' dir='ltr'>daemoniS,</span> 
     </span>
     <span class='ocr_line' id='line_1_73' title="bbox 920 2030 1060 2070; baseline -0.014 -8"><span class='ocrx_word' id='word_1_248' title='bbox 920 2030 982 2062; x_wconf 75' lang='lat' dir='ltr'>Dei</span> <span class='ocrx_word' id='word_1_249' title='bbox 1003 2039 1060 2070; x_wconf 83' lang='lat' dir='ltr'>pa-</span> 
     </span>
    </p>

    <p class='ocr_par' dir='ltr' id='par_1_30' title="bbox 921 2077 1303 2213">
     <span class='ocr_line' id='line_1_74' title="bbox 967 2077 1240 2118; baseline 0 -9"><span class='ocrx_word' id='word_1_250' title='bbox 967 2078 1026 2110; x_wconf 78' lang='lat' dir='ltr'>tris</span> <span class='ocrx_word' id='word_1_251' title='bbox 1050 2077 1240 2118; x_wconf 80' lang='lat' dir='ltr'>unigenitus,</span> 
     </span>
     <span class='ocr_line' id='line_1_75' title="bbox 921 2123 1303 2158; baseline -0.008 -1"><span class='ocrx_word' id='word_1_252' title='bbox 921 2126 952 2157; x_wconf 90' lang='lat' dir='ltr'>A</span> <span class='ocrx_word' id='word_1_253' title='bbox 978 2125 1098 2158; x_wconf 81' lang='lat' dir='ltr'>cunctis</span> <span class='ocrx_word' id='word_1_254' title='bbox 1123 2133 1179 2157; x_wconf 87' lang='lat' dir='ltr'>nos</span> <span class='ocrx_word' id='word_1_255' title='bbox 1205 2123 1303 2158; x_wconf 85' lang='lat' dir='ltr'>ruinis</span> 
     </span>
     <span class='ocr_line' id='line_1_76' title="bbox 921 2173 1029 2213; baseline -0.019 -7"><span class='ocrx_word' id='word_1_256' title='bbox 921 2173 1029 2213; x_wconf 83' lang='lat' dir='ltr'>Eripe,</span> 
     </span>
    </p>

    <p class='ocr_par' dir='ltr' id='par_1_31' title="bbox 917 2219 1351 2348">
     <span class='ocr_line' id='line_1_77' title="bbox 969 2219 1334 2261; baseline -0.005 -9"><span class='ocrx_word' id='word_1_257' title='bbox 969 2229 1026 2252; x_wconf 81' lang='lat' dir='ltr'>rex</span> <span class='ocrx_word' id='word_1_258' title='bbox 1051 2229 1170 2261; x_wconf 85' lang='lat' dir='ltr'>regum,</span> <span class='ocrx_word' id='word_1_259' title='bbox 1195 2219 1334 2261; x_wconf 84' lang='lat' dir='ltr'>penitus,</span> 
     </span>
     <span class='ocr_line' id='line_1_78' title="bbox 922 2266 1351 2309; baseline -0.005 -8"><span class='ocrx_word' id='word_1_260' title='bbox 922 2268 1060 2309; x_wconf 86' lang='lat' dir='ltr'>Cumque</span> <span class='ocrx_word' id='word_1_261' title='bbox 1083 2267 1174 2300; x_wconf 89' lang='lat' dir='ltr'>nobis</span> <span class='ocrx_word' id='word_1_262' title='bbox 1200 2270 1248 2300; x_wconf 83' lang='lat' dir='ltr'>est</span> <span class='ocrx_word' id='word_1_263' title='bbox 1271 2266 1351 2307; x_wconf 86' lang='lat' dir='ltr'>finis,</span> 
     </span>
     <span class='ocr_line' id='line_1_79' title="bbox 917 2316 1104 2348; baseline 0 0"><span class='ocrx_word' id='word_1_264' title='bbox 917 2316 1023 2348; x_wconf 85' lang='lat' dir='ltr'>Trahe</span> <span class='ocrx_word' id='word_1_265' title='bbox 1047 2325 1104 2348; x_wconf 88' lang='lat' dir='ltr'>nos</span> 
     </span>
    </p>

    <p class='ocr_par' dir='ltr' id='par_1_32' title="bbox 969 2364 1255 2398">
     <span class='ocr_line' id='line_1_80' title="bbox 969 2364 1255 2398; baseline 0 0"><span class='ocrx_word' id='word_1_266' title='bbox 969 2365 1010 2398; x_wconf 86' lang='lat' dir='ltr'>ad</span> <span class='ocrx_word' id='word_1_267' title='bbox 1036 2366 1068 2396; x_wconf 84' lang='lat' dir='ltr'>te</span> <span class='ocrx_word' id='word_1_268' title='bbox 1095 2364 1255 2398; x_wconf 84' lang='lat' dir='ltr'>divinitus.</span> 
     </span>
    </p>
   </div>
   <div class='ocr_carea' id='block_1_24' title="bbox 1367 1509 1490 1537">
    <p class='ocr_par' dir='ltr' id='par_1_33' title="bbox 1367 1509 1490 1537">
     <span class='ocr_line' id='line_1_81' title="bbox 1367 1509 1490 1537; baseline -0.008 -1"><span class='ocrx_word' id='word_1_269' title='bbox 1367 1509 1418 1536; x_wconf 82' lang='lat' dir='ltr'>der</span> <span class='ocrx_word' id='word_1_270' title='bbox 1444 1510 1490 1537; x_wconf 69' lang='lat' dir='ltr'>bei</span> 
     </span>
    </p>
   </div>
  </div>
 </body>
</html>
