1653 2564
732 68 963 102 *94-

280 161 349 189 Cod.
369 160 531 190 Londinen.
551 162 681 196 Egerton
702 159 767 188 274,
789 168 863 187 saec.
886 158 929 187 13.
949 159 984 187 Α.
1004 174 1042 179 ——
1062 159 1144 186 Cant.
1165 168 1216 186 ms.
1232 160 1312 188 Petri
1334 160 1370 187 de
1383 153 1506 184 Medicis

204 207 278 226 saec.
306 197 349 227 13.
390 199 459 227 cod.
479 198 617 226 Laurent.
636 197 681 224 Pl.
709 195 754 224 29.
781 195 805 223 1.
825 197 859 223 B.
879 210 916 215 —-
937 196 1005 224 Cod.
1026 196 1152 223 Parisin.
1171 194 1220 229 (ol.
1242 197 1271 222 S.
1291 195 1393 224 Albini
1412 190 1507 220 Ande-

203 234 318 272 gaveu.)
336 234 421 264 8433.
442 243 517 263 saec.
539 232 583 262 13.
605 235 635 262 C.
655 248 693 252 —
712 232 739 266 2,
761 231 796 261 10
818 234 875 260 cito
896 233 1003 269 peteris
1018 232 1052 259 A.
1071 246 1110 251 ——
1129 230 1158 264 3,
1179 230 1215 259 12
1229 232 1288 260 Cur
1308 232 1437 260 defendis
1458 228 1507 255 da-

203 275 293 301 torem
314 273 348 300 A.
369 287 406 291 —
426 270 458 305 3,
486 270 519 299 15
540 272 639 299 Vitam
659 278 745 305 quam
766 270 875 306 dirigas
896 270 927 297 O.
948 283 984 289 ——
1008 271 1032 297 B
1052 269 1104 296 hat
1123 277 1178 295 nur
1198 269 1246 296 die
1265 272 1340 296 erste
1359 268 1430 302 Str.;
1461 265 1509 309 die

202 310 365 337 Aufsehrift
387 309 470 344 giebt
487 309 522 337 A.
542 322 576 327 ——-
598 308 750 335 Verfasser
776 307 826 334 des
846 306 972 334 Stiiokes
998 308 1039 333 isia
1058 305 1215 341 Philippus
1238 305 1276 332 de
1294 305 1410 333 Grevia.
1449 303 1509 330 Em

202 347 363 374 Faksimile
389 354 442 374 aus
464 346 487 373 Ο
511 345 601 373 findet
626 345 688 372 sich
713 345 759 372 bei
779 343 861 372 Leon
882 343 1015 377 Gautier,
1042 343 1175 370 Histoire
1201 342 1237 369 de
1262 342 1294 368 la
1312 340 1399 369 Poesi
1425 341 1508 368 litur-

203 385 292 419 gique
311 384 336 416 Ι,
359 380 423 410 185.

802 557 901 588 140.

586 641 671 677 Quofl
688 640 820 672 mundns
841 641 885 672 sit
901 639 1117 673 transitorius.

882 732 913 764 4.
940 731 1033 763 Adae
1056 739 1184 770 germen
1208 732 1324 763 veteris

202 730 233 763 1.
258 730 331 769 Dic,
358 730 411 770 qui
430 729 549 771 gaudes
573 730 737 770 prosperis

305 777 351 810 Et
374 780 463 809 veste
481 786 652 817 purpurea,

257 825 372 864 Homo,
397 833 502 856 massa
527 825 642 856 cineris

305 871 349 904 Et
372 871 407 903 in
424 880 499 911 agro
524 872 619 912 lutea,

306 918 479 958 Tamquam
503 919 598 959 palea

305 965 387 998 Sum,
408 969 441 998 et
463 968 683 998 momentanea

256 1014 355 1055 Haec,
386 1014 498 1052 quibus
523 1013 679 1052 inniteris,

303 1060 347 1093 Et
371 1061 405 1092 in
428 1060 491 1093 fine
515 1059 620 1101 fellea,

260 1107 401 1140 Caudam
425 1108 697 1148 habent-vipefis‚

307 1154 384 1188 Cum
408 1156 473 1188 sint
496 1156 556 1188 tibi
576 1157 700 1189 mellea.

200 1253 230 1284 2.
258 1250 318 1290 Qui
342 1252 436 1282 natus
462 1251 636 1290 conciperis

303 1299 343 1331 In
365 1298 462 1330 vulva
486 1297 631 1337 feminea,

254 1346 406 1386 Attende,
432 1346 508 1385 quid
534 1344 643 1389 fueris,

299 1392 345 1424 Es
371 1392 421 1425 vel
447 1392 508 1424 eris
532 1396 660 1435 postea3

304 1439 428 1479 Sperne
450 1442 566 1479 terrea,

303 1486 385 1518 Nam
411 1496 480 1519 oum
505 1487 616 1519 mortis
641 1489 753 1520 lancea

256 1534 430 1567 Percussus
457 1535 617 1575 egrederis

301 1582 373 1614 Hac
397 1582 437 1613 de
463 1582 554 1614 domo
580 1591 703 1621 carnea,

253 1627 383 1669 Signum
406 1632 562 1662 monstrat
585 1628 716 1670 funeris,

301 1677 392 1715 Quod
417 1677 462 1708 nil
489 1686 559 1709 eras
583 1679 686 1710 antea.

196 1771 228 1803 3.
254 1770 288 1803 Si
312 1770 370 1802 sub
395 1770 489 1803 humo
516 1772 655 1811 carparis

303 1818 348 1852 Ut
372 1819 468 1851 vestis
493 1828 513 1850 a
535 1819 631 1858 tinea,

251 1864 297 1897 Et
320 1866 451 1905 spiritus
476 1866 600 1898 duceris

300 1912 354 1945 Ad
377 1914 450 1946 loca
474 1915 615 1945 tartarea

298 1960 386 1992 Loca
405 1959 559 2003 flammea,

299 2007 384 2039 Vasa
406 2009 483 2039 tunc
506 2010 665 2050 argentea,

251 2055 337 2093 Quae
364 2063 448 2086 nuno
472 2064 569 2094 amaS‚
596 2055 720 2094 oderis3

298 2100 439 2133 Benefao
464 2103 644 2140 propterea,

249 2146 291 2178 Et
318 2147 390 2187 eris,
417 2147 444 2178 si
468 2145 593 2187 feceris,

285 2193 424 2233 Ereptus
449 2203 468 2225 a
491 2192 621 2226 framea.

986 778 1032 810 Et
1054 778 1161 817 proles
1185 778 1323 818 viperea,

939 825 1022 866 Quid
1046 824 1167 857 frustra
1191 825 1346 865 deciperis

987 873 1134 905 Tendens
1159 873 1200 905 ad
1224 882 1364 913 erronea,

984 919 1232 952 Momentanea?

985 968 1039 999 Ad
1061 976 1159 1008 regna
1182 968 1318 1006 siderea,

937 1016 1046 1059 Dives,
1072 1024 1134 1047 non
1158 1014 1346 1056 admitteris,

986 1062 1073 1101 Quae
1102 1062 1142 1095 de
1162 1063 1244 1102 Juris
1267 1063 1353 1094 linea

939 1109 1094 1142 Constant
1117 1118 1187 1141 esse
1208 1109 1359 1149 pauperis

986 1156 1063 1189 Cum
1088 1157 1221 1197 perenni
1241 1157 1361 1190 laurea.

903 1277 909 1284 .
936 1251 1064 1284 eoelum
1088 1260 1150 1283 non
1175 1251 1351 1290 ingrederis

984 1298 1062 1331 Cum
1084 1299 1186 1338 regali
1208 1298 1328 1341 trabea,

938 1346 1014 1378 Cum
1040 1355 1189 1386 equorum
1214 1345 1333 1386 faleris,

983 1393 1060 1425 Cum
1087 1394 1178 1426 domo
1202 1402 1379 1425 marmorea

982 1441 1043 1472 Vel
1068 1441 1222 1480 eburnea;

981 1488 1032 1520 Ab
1058 1488 1158 1529 ignita
1181 1488 1334 1528 romphea

934 1535 1071 1567 Veniens
1093 1534 1269 1575 repelleris,

981 1582 1056 1616 Orci
1079 1585 1184 1614 trusus
1209 1582 1325 1622 spelm,

933 1630 1017 1662 Dum
1041 1630 1201 1663 Christum
1224 1639 1288 1662 non
1312 1630 1453 1669 sequeris

979 1678 1018 1711 In
1044 1686 1159 1709 corona
1180 1677 1302 1715 spinea.

899 1798 905 1805 .
931 1771 1021 1804 Haeo
1044 1770 1073 1803 si
1097 1769 1294 1811 cogitaveris,

981 1818 1064 1857 Quid
1087 1818 1119 1849 in
1145 1826 1220 1849 arca
1244 1816 1359 1858 ferrea,

931 1866 991 1905 Qui
1014 1865 1150 1898 moriens
1177 1864 1303 1906 deleriS‚

977 1912 1024 1946 Ut
1046 1921 1159 1953 pereas
1181 1920 1239 1953 per
1264 1920 1309 1953 ea,

980 1960 1110 1994 Claudis
1134 1959 1251 1991 aerea?

978 2009 1035 2048 Qui
1066 2015 1135 2039 cras
1160 2007 1325 2039 subitanea

930 2053 1030 2087 Forte
1057 2057 1159 2086 morte
1181 2055 1324 2093 moreris,

980 2103 1031 2134 Da
1052 2103 1167 2140 sponte
1189 2104 1373 2140 spontanea,

932 2148 977 2180 Ut
1000 2148 1059 2180 tibi
1084 2157 1154 2179 cum
1178 2148 1301 2189 superis

980 2195 1071 2227 Stola.
1101 2195 1193 2228 detur
1217 2203 1322 2227 aurea.

268 2292 338 2320 Cod.
353 2294 508 2322 Ebroieen·
526 2293 576 2328 (ol.
590 2291 699 2327 Liren.)
718 2292 745 2320 2,
765 2302 841 2321 saec.
864 2291 908 2321 13.
927 2295 983 2321 mit
995 2295 1064 2322 Mel.
1084 2309 1121 2314 -—
1144 2293 1171 2328 2,
1190 2293 1209 2322 8
1228 2294 1271 2321 Ae
1291 2294 1327 2321 de
1347 2294 1441 2323 domo.
1456 2311 1491 2316 --

192 2328 218 2363 3,
242 2328 276 2358 10
295 2330 427 2359 Erectus.
454 2345 487 2350 —-
506 2330 532 2366 4,
555 2329 572 2358 9
593 2330 722 2360 Constat.
739 2345 776 2350 —
796 2329 822 2364 6,
843 2329 861 2358 3
882 2331 945 2364 Que
963 2333 1098 2360 moriens.
