1653 2564
723 101 978 135 —148—

199 288 229 320 1.
256 287 323 318 Vae
347 287 464 319 mundo
489 297 508 318 a
532 287 701 326 scandalis,

255 331 326 364 Vae
349 334 451 372 noma
476 336 514 365 ut
536 334 698 373 acephalis

303 382 439 418 Quorum
464 381 596 413 libertas
622 380 745 421 teritur,

254 426 374 459 Romae
400 427 551 460 dormitat
575 429 693 465 oculUS,

256 473 333 506 Cum
358 475 506 506 sacerdos
529 478 566 505 ut
588 474 725 514 populus

300 522 381 562 Jugo
407 523 516 553 servili
540 523 704 561 premitur.

259 578 320 611 Hic
344 578 430 610 tollit
453 577 547 610 fiscus
572 578 676 620 hodio,

259 625 341 657 Suae
367 625 511 658 Christus
537 626 690 658 ecclesiae

304 675 389 710 Quae
415 673 517 703 crucis
543 672 619 703 emit
642 673 755 712 pretio,

257 719 363 750 Nullis
387 722 525 751 terretur
551 719 684 757 casibus,

257 765 352 805 Cujus
382 765 477 797 cubat
500 767 532 798 in
558 765 679 798 foribus

305 812 397 845 Ultor
423 816 547 845 exserto
573 814 690 853 gladio.

198 871 230 902 ⁴3.
256 868 333 908 Vae,
361 878 491 909 quorum
516 870 598 902 votis
623 871 720 901 alitur

302 916 347 947 Et
369 917 547 956 pinguescit
571 918 703 957 exactio,

255 961 287 993 A
312 964 424 1002 quibus
449 964 528 995 nulli
551 964 703 1003 parcitur,

302 1010 349 1042 Ut
372 1019 428 1042 suo
453 1013 587 1050 parcant
609 1012 758 1051 proprio!

256 1057 319 1089 Sed
344 1058 376 1088 in
402 1065 455 1088 eos
479 1058 651 1089 revertitur

303 1103 367 1135 Sua
390 1104 518 1136 taudem
541 1105 692 1144 proditio,

255 1150 299 1183 Et
324 1150 411 1183 fraus
434 1151 467 1183 in
492 1161 526 1183 se
551 1152 714 1184 colliditur

302 1197 392 1230 Justo
418 1197 478 1229 Dei
504 1198 635 1238 judicio.

201 580 231 611 ΡΟ

800 211 897 241 211.

880 289 912 321 4.
937 288 1014 328 Vae,
1045 288 1098 328 qui
1122 288 1207 328 gregi
1236 288 1384 320 deficiunt

983 335 1197 373 Tempestatis
1222 335 1367 374 articulo,

938 382 998 420 Qui
1021 382 1129 421 lupum
1154 391 1216 413 non
1241 383 1389 421 rejiciunt

984 428 1118 460 Latratu
1143 429 1210 460 sive
1234 428 1358 469 baculo,

938 475 1010 507 Nec
1033 478 1178 518 pensant,
1203 484 1264 507 nec
1288 477 1473 516 respiciunt,

985 522 1049 554 Sub
1082 523 1169 562 cujus
1193 527 1327 563 peccant
1352 525 1452 563 oculo,

937 569 982 601 Et
1006 571 1125 601 animas
1150 570 1324 609 subjiciunt

987 616 1174 648 Graviorum
1199 618 1358 656 periculo!

879 674 909 705 5.
936 672 997 710 Ha,
1026 681 1086 713 quo
1110 682 1145 704 se
1172 676 1274 706 vertet
1296 675 1398 715 vinea,

937 720 1005 758 Qua
1029 721 1178 752 recondet
1202 720 1236 751 in
1261 720 1353 753 fovea

985 767 1121 800 Fructus
1143 777 1216 800 suos
1241 768 1381 808 colonus,

938 814 1015 846 Cum
1039 815 1110 854 pari
1134 818 1239 847 mente
1263 816 1382 854 sitiant,

937 862 982 894 Ut
1007 862 1133 893 labores
1158 862 1313 901 diripiant

982 908 1067 940 Hinc
1089 911 1191 951 pater,
1227 909 1301 941 hinc
1324 910 1503 950 patronus?

879 967 909 998 6.
939 964 1081 998 Christus
1110 965 1259 997 misertus
1284 967 1395 998 vineae

937 1012 1020 1044 Suae
1043 1021 1222 1045 mucronem
1246 1013 1379 1045 lanceae

984 1060 1022 1091 In
1045 1061 1213 1099 utrumque
1233 1060 1299 1098 jam
1326 1060 1439 1100 vibrat,

935 1105 1069 1137 Ferrum
1095 1107 1135 1137 ad
1160 1107 1257 1138 ictum
1282 1107 1368 1139 acuit

937 1152 1047 1192 Neque
1078 1153 1209 1186 dilatum
1234 1154 1357 1193 minuit,

984 1199 1047 1232 Sed
1072 1202 1233 1240 aggravat,
1261 1202 1335 1233 dum
1359 1202 1466 1235 librat.

275 1270 358 1299 Cant.
379 1281 430 1299 ms.
453 1272 535 1300 Petri
555 1272 591 1300 de
608 1273 732 1300 Medicis
753 1281 828 1300 saec.
852 1270 896 1299 13.
930 1272 999 1301 Cod.
1017 1272 1208 1302 Laurentian.
1229 1274 1276 1302 Pl.
1297 1274 1343 1303 29,
1365 1273 1390 1302 1.
1410 1277 1444 1303 A.
1467 1294 1476 1297 -

200 1308 268 1337 Cod.
289 1309 543 1344 Guelfenbyteran.
564 1310 776 1338 Helmstadien.
798 1307 861 1338 628.
886 1319 960 1338 saec.
985 1309 1028 1339 13.
1043 1313 1075 1339 Β,
1096 1326 1132 1330 -
1155 1311 1179 1346 1,
1200 1310 1293 1340 2Vae
1311 1313 1397 1341 vobis
1416 1314 1449 1341 B.
1470 1330 1501 1333 —

198 1348 222 1374 B
241 1347 293 1374 hat
312 1356 366 1374 nur
386 1349 442 1376 Str.
467 1346 490 1375 1.
510 1347 538 1376 3.
561 1346 587 1374 5.
608 1362 643 1367 —
667 1347 721 1375 Οἱς.
742 1347 906 1376 Milchsack
926 1346 990 1376 207.

200 1545 228 1578 1.
257 1545 374 1577 Trinae
402 1546 486 1577 vocis
511 1545 651 1585 tripudio

305 1592 401 1624 Sonet
427 1601 556 1624 concors
580 1592 747 1635 discordia,

257 1639 303 1671 Ut
326 1639 445 1681 lingua,
467 1648 554 1671 mens
580 1642 611 1670 et
635 1639 717 1671 actio

305 1686 382 1718 Pari
409 1687 602 1718 concordent
625 1686 736 1726 gratia,

257 1732 366 1764 Trium
393 1734 522 1765 dulcore
547 1734 653 1765 concio

304 1780 483 1812 Inebrietur
507 1780 626 1812 sobria.

200 1827 244 1859 ΕΟ
260 1828 415 1860 Praesens
440 1828 494 1866 qui
520 1827 594 1860 colit
617 1827 775 1868 gaudium,

257 1876 375 1907 Penset
399 1876 520 1907 aeterni
544 1875 730 1916 praemium,

256 1922 295 1954 In
321 1930 390 1953 eum
416 1921 559 1954 conferat

308 1968 462 2012 Studium,

258 2017 359 2049 Facta
384 2016 437 2057 qui
461 2017 620 2056 ponderat

306 2064 463 2097 Omnium.

203 2121 234 2153 2.
260 2120 407 2153 Trahunt
429 2120 462 2151 in
486 2121 674 2160 praecipitia

308 2167 367 2206 Qui
391 2176 447 2199 nos
472 2170 619 2199 tenentur
643 2176 763 2206 regere,

261 2214 295 2246 Si
320 2224 383 2254 qua
407 2214 521 2247 docent
545 2214 695 2252 salubria,

309 2261 412 2293 Pravo
439 2260 617 2293 deformant
641 2269 746 2302 opere,

262 2307 341 2340 Frui
365 2308 504 2348 gaudent
525 2308 669 2348 potentia

309 2354 448 2387 Honoris
473 2356 542 2387 sine
566 2363 671 2388 onere.

800 1469 897 1499 212.

880 1548 910 1579 3.
939 1546 1034 1585 Onus,
1061 1546 1145 1586 quod
1170 1545 1261 1578 nobis
1286 1547 1429 1587 alligant,

984 1592 1103 1624 Nolunt
1128 1601 1255 1625 movere
1280 1594 1388 1633 digito,

936 1640 1021 1673 Hinc
1050 1642 1097 1671 est
1122 1641 1205 1679 quod
1231 1648 1283 1671 eos
1310 1640 1452 1683 diligant,

985 1687 1044 1725 Qui
1069 1687 1200 1727 palpant
1224 1688 1257 1719 in
1282 1687 1477 1727 abscondito,

937 1733 1004 1766 Hos
1029 1743 1049 1765 a
1072 1734 1203 1766 secretis
1228 1733 1366 1774 abigant,

984 1781 1043 1819 Qui
1067 1784 1188 1812 terrent
1211 1781 1297 1814 vitae
1320 1782 1444 1816 merito.

880 1828 924 1860 ΒΡ
940 1828 1095 1861 Praesens
1121 1829 1174 1867 qui
1199 1829 1276 1860 colit
1299 1829 1458 1870 gaudium,

939 1876 1057 1908 Penset
1081 1877 1202 1907 aeterni
1226 1876 1412 1916 praemium,

941 1923 980 1955 In
1005 1931 1076 1955 eum
1099 1921 1245 1955 conferat

987 1969 1142 2010 Studium,

938 2016 1040 2051 Facta
1064 2017 1118 2058 qui
1140 2017 1299 2057 ponderat

986 2065 1142 2098 Omnium.

881 2122 913 2154 4.
941 2120 1043 2160 Culpa
1065 2123 1205 2153 meretur
1228 2121 1373 2161 gratiam,

985 2169 1083 2207 Quam
1110 2168 1290 2200 demeretur
1312 2169 1470 2210 meritum,

942 2213 1024 2246 Nam
1053 2215 1225 2255 palponum
1250 2214 1410 2249 fallaciam

986 2262 1062 2294 Plus
1091 2264 1220 2301 captant
1243 2271 1334 2294 aures
1361 2263 1504 2298 divitum.

940 2308 1039 2347 Quam
1067 2309 1219 2340 bonorum
1244 2309 1456 2354 prudentiam,

989 2355 1048 2393 Qui
1074 2355 1257 2390 dissuadent
1283 2356 1417 2390 libitu-m.
