<?xml version="1.0" encoding="UTF-8"?>
<!DOCTYPE html PUBLIC "-//W3C//DTD XHTML 1.0 Transitional//EN"
    "http://www.w3.org/TR/xhtml1/DTD/xhtml1-transitional.dtd">
<html xmlns="http://www.w3.org/1999/xhtml" xml:lang="en" lang="en">
 <head>
  <title>
</title>
<meta http-equiv="Content-Type" content="text/html;charset=utf-8" />
  <meta name='ocr-system' content='tesseract 3.04.00' />
  <meta name='ocr-capabilities' content='ocr_page ocr_carea ocr_par ocr_line ocrx_word'/>
</head>
<body>
  <div class='ocr_page' id='page_1' title='image "./analectahymnica21drevuoft_00197.png"; bbox 0 0 1653 2564; ppageno 0'>
   <div class='ocr_carea' id='block_1_1' title="bbox 803 139 1061 173">
    <p class='ocr_par' dir='ltr' id='par_1_1' title="bbox 803 139 1061 173">
     <span class='ocr_line' id='line_1_1' title="bbox 803 139 1061 173; baseline -0.004 0"><span class='ocrx_word' id='word_1_1' title='bbox 803 139 1061 173; x_wconf 82' lang='lat'>—196—</span> 
     </span>
    </p>
   </div>
   <div class='ocr_carea' id='block_1_2' title="bbox 287 230 1462 1300">
    <p class='ocr_par' dir='ltr' id='par_1_2' title="bbox 287 230 1462 1300">
     <span class='ocr_line' id='line_1_2' title="bbox 358 230 1362 272; baseline -0.004 -8"><span class='ocrx_word' id='word_1_2' title='bbox 358 234 447 271; x_wconf 79' lang='lat' dir='ltr'>Quod</span> <span class='ocrx_word' id='word_1_3' title='bbox 471 233 554 264; x_wconf 87' lang='lat' dir='ltr'>Abel</span> <span class='ocrx_word' id='word_1_4' title='bbox 576 234 647 272; x_wconf 86' lang='lat' dir='ltr'>jure</span> <span class='ocrx_word' id='word_1_5' title='bbox 1039 231 1123 262; x_wconf 90' lang='lat' dir='ltr'>Tuos</span> <span class='ocrx_word' id='word_1_6' title='bbox 1151 239 1220 261; x_wconf 88' lang='lat' dir='ltr'>cum</span> <span class='ocrx_word' id='word_1_7' title='bbox 1244 230 1362 261; x_wconf 87' lang='lat' dir='ltr'>virtute</span> 
     </span>
     <span class='ocr_line' id='line_1_3' title="bbox 356 276 1315 314; baseline -0.005 -4"><span class='ocrx_word' id='word_1_8' title='bbox 356 280 473 311; x_wconf 84' lang='lat' dir='ltr'>Fracto</span> <span class='ocrx_word' id='word_1_9' title='bbox 494 282 629 310; x_wconf 89' lang='lat' dir='ltr'>naturae</span> <span class='ocrx_word' id='word_1_10' title='bbox 969 279 1023 309; x_wconf 84' lang='lat'>35.</span> <span class='ocrx_word' id='word_1_11' title='bbox 1038 276 1154 308; x_wconf 84' lang='lat' dir='ltr'>Hostes</span> <span class='ocrx_word' id='word_1_12' title='bbox 1179 278 1315 314; x_wconf 86' lang='lat' dir='ltr'>contere,</span> 
     </span>
     <span class='ocr_line' id='line_1_4' title="bbox 356 322 1262 362; baseline -0.006 -5"><span class='ocrx_word' id='word_1_13' title='bbox 356 325 481 357; x_wconf 80' lang='lat' dir='ltr'><strong>Fratris</strong></span> <span class='ocrx_word' id='word_1_14' title='bbox 508 324 587 355; x_wconf 88' lang='lat' dir='ltr'>obiit</span> <span class='ocrx_word' id='word_1_15' title='bbox 611 325 689 356; x_wconf 85' lang='lat' dir='ltr'>acie.</span> <span class='ocrx_word' id='word_1_16' title='bbox 1040 322 1140 362; x_wconf 82' lang='lat' dir='ltr'>Surge</span> <span class='ocrx_word' id='word_1_17' title='bbox 1159 322 1262 353; x_wconf 82' lang='lat' dir='ltr'>libere</span> 
     </span>
     <span class='ocr_line' id='line_1_5' title="bbox 357 369 1325 412; baseline -0.004 -10"><span class='ocrx_word' id='word_1_18' title='bbox 357 371 457 410; x_wconf 84' lang='lat' dir='ltr'>Culpa</span> <span class='ocrx_word' id='word_1_19' title='bbox 483 379 544 401; x_wconf 89' lang='lat' dir='ltr'>non</span> <span class='ocrx_word' id='word_1_20' title='bbox 569 373 617 402; x_wconf 84' lang='lat' dir='ltr'>est</span> <span class='ocrx_word' id='word_1_21' title='bbox 641 370 698 401; x_wconf 82' lang='lat' dir='ltr'>sub</span> <span class='ocrx_word' id='word_1_22' title='bbox 724 370 868 412; x_wconf 80' lang='lat' dir='ltr'>caligine,</span> <span class='ocrx_word' id='word_1_23' title='bbox 1038 369 1134 400; x_wconf 85' lang='lat' dir='ltr'>Pulsa</span> <span class='ocrx_word' id='word_1_24' title='bbox 1162 369 1325 407; x_wconf 84' lang='lat' dir='ltr'>servitute,</span> 
     </span>
     <span class='ocr_line' id='line_1_6' title="bbox 290 416 1331 455; baseline -0.004 -6"><span class='ocrx_word' id='word_1_25' title='bbox 290 419 342 450; x_wconf 86' lang='lat'>15.</span> <span class='ocrx_word' id='word_1_26' title='bbox 358 418 482 449; x_wconf 86' lang='lat' dir='ltr'>Clamat</span> <span class='ocrx_word' id='word_1_27' title='bbox 500 418 627 455; x_wconf 84' lang='lat' dir='ltr'>sanguis</span> <span class='ocrx_word' id='word_1_28' title='bbox 652 416 740 447; x_wconf 86' lang='lat' dir='ltr'>fusus</span> <span class='ocrx_word' id='word_1_29' title='bbox 765 416 869 448; x_wconf 83' lang='lat' dir='ltr'>hodie.</span> <span class='ocrx_word' id='word_1_30' title='bbox 1039 417 1164 455; x_wconf 86' lang='lat' dir='ltr'>Agnum</span> <span class='ocrx_word' id='word_1_31' title='bbox 1189 423 1331 454; x_wconf 81' lang='lat' dir='ltr'>sequere,</span> 
     </span>
     <span class='ocr_line' id='line_1_7' title="bbox 357 461 1338 503; baseline -0.001 -9"><span class='ocrx_word' id='word_1_32' title='bbox 357 463 428 495; x_wconf 80' lang='lat' dir='ltr'>Non</span> <span class='ocrx_word' id='word_1_33' title='bbox 461 463 590 503; x_wconf 87' lang='lat' dir='ltr'>celatur,</span> <span class='ocrx_word' id='word_1_34' title='bbox 969 462 1104 494; x_wconf 77' lang='lat' dir='ltr'>40.Hio</span> <span class='ocrx_word' id='word_1_35' title='bbox 1127 470 1183 493; x_wconf 87' lang='lat' dir='ltr'>rex</span> <span class='ocrx_word' id='word_1_36' title='bbox 1208 461 1338 501; x_wconf 84' lang='lat' dir='ltr'>gloriae,</span> 
     </span>
     <span class='ocr_line' id='line_1_8' title="bbox 358 508 1312 548; baseline -0.002 -7"><span class='ocrx_word' id='word_1_37' title='bbox 358 509 448 547; x_wconf 77' lang='lat' dir='ltr'>Quod</span> <span class='ocrx_word' id='word_1_38' title='bbox 468 511 672 548; x_wconf 82' lang='lat' dir='ltr'>monstratur,</span> <span class='ocrx_word' id='word_1_39' title='bbox 1041 508 1161 541; x_wconf 87' lang='lat' dir='ltr'>Stolam</span> <span class='ocrx_word' id='word_1_40' title='bbox 1192 516 1312 546; x_wconf 86' lang='lat' dir='ltr'>cursus,</span> 
     </span>
     <span class='ocr_line' id='line_1_9' title="bbox 357 555 1406 587; baseline 0 0"><span class='ocrx_word' id='word_1_41' title='bbox 357 556 425 587; x_wconf 85' lang='lat' dir='ltr'>Ulli</span> <span class='ocrx_word' id='word_1_42' title='bbox 452 556 548 587; x_wconf 86' lang='lat' dir='ltr'>dubie</span> <span class='ocrx_word' id='word_1_43' title='bbox 1084 555 1229 587; x_wconf 81' lang='lat' dir='ltr'>bravium</span> <span class='ocrx_word' id='word_1_44' title='bbox 1255 555 1406 587; x_wconf 86' lang='lat' dir='ltr'>victoriae</span> 
     </span>
     <span class='ocr_line' id='line_1_10' title="bbox 357 602 1449 643; baseline 0 -9"><span class='ocrx_word' id='word_1_45' title='bbox 357 602 478 641; x_wconf 84' lang='lat' dir='ltr'>Culpae</span> <span class='ocrx_word' id='word_1_46' title='bbox 501 602 708 640; x_wconf 82' lang='lat' dir='ltr'><strong>turpitudine.</strong></span> <span class='ocrx_word' id='word_1_47' title='bbox 1039 602 1125 634; x_wconf 83' lang='lat' dir='ltr'>Hinc</span> <span class='ocrx_word' id='word_1_48' title='bbox 1152 602 1206 642; x_wconf 85' lang='lat' dir='ltr'>pie</span> <span class='ocrx_word' id='word_1_49' title='bbox 1230 603 1449 643; x_wconf 76' lang='lat' dir='ltr'>complectere,</span> 
     </span>
     <span class='ocr_line' id='line_1_11' title="bbox 288 649 1303 689; baseline -0.002 -7"><span class='ocrx_word' id='word_1_50' title='bbox 288 650 343 682; x_wconf 87' lang='lat'>20.</span> <span class='ocrx_word' id='word_1_51' title='bbox 358 649 484 680; x_wconf 87' lang='lat' dir='ltr'>Indices</span> <span class='ocrx_word' id='word_1_52' title='bbox 1040 649 1111 682; x_wconf 83' lang='lat' dir='ltr'>Non</span> <span class='ocrx_word' id='word_1_53' title='bbox 1139 649 1303 689; x_wconf 86' lang='lat' dir='ltr'>permittat</span> 
     </span>
     <span class='ocr_line' id='line_1_12' title="bbox 354 694 1462 730; baseline 0.002 -4"><span class='ocrx_word' id='word_1_54' title='bbox 354 694 399 726; x_wconf 85' lang='lat' dir='ltr'>Et</span> <span class='ocrx_word' id='word_1_55' title='bbox 423 695 566 727; x_wconf 82' lang='lat' dir='ltr'>vindices</span> <span class='ocrx_word' id='word_1_56' title='bbox 1084 698 1170 729; x_wconf 87' lang='lat' dir='ltr'>Deus</span> <span class='ocrx_word' id='word_1_57' title='bbox 1195 700 1227 727; x_wconf 90' lang='lat' dir='ltr'>te</span> <span class='ocrx_word' id='word_1_58' title='bbox 1250 696 1462 730; x_wconf 81' lang='lat' dir='ltr'>succumbere.</span> 
     </span>
     <span class='ocr_line' id='line_1_13' title="bbox 357 742 1379 786; baseline 0.002 -13"><span class='ocrx_word' id='word_1_59' title='bbox 357 742 407 773; x_wconf 82' lang='lat' dir='ltr'>De</span> <span class='ocrx_word' id='word_1_60' title='bbox 433 742 564 773; x_wconf 87' lang='lat' dir='ltr'>crimine</span> <span class='ocrx_word' id='word_1_61' title='bbox 971 743 1025 776; x_wconf 86' lang='lat'>45.</span> <span class='ocrx_word' id='word_1_62' title='bbox 1041 743 1155 776; x_wconf 81' lang='lat' dir='ltr'>Nullus</span> <span class='ocrx_word' id='word_1_63' title='bbox 1179 743 1379 786; x_wconf 81' lang='lat' dir='ltr'>Pharisaeus,</span> 
     </span>
     <span class='ocr_line' id='line_1_14' title="bbox 360 788 1383 833; baseline 0.003 -14"><span class='ocrx_word' id='word_1_64' title='bbox 360 788 505 820; x_wconf 77' lang='lat' dir='ltr'>Clamant</span> <span class='ocrx_word' id='word_1_65' title='bbox 528 789 642 820; x_wconf 81' lang='lat' dir='ltr'>anxiae</span> <span class='ocrx_word' id='word_1_66' title='bbox 1041 790 1156 822; x_wconf 84' lang='lat' dir='ltr'>Nullus</span> <span class='ocrx_word' id='word_1_67' title='bbox 1181 790 1383 833; x_wconf 88' lang='lat' dir='ltr'>Philistaeus,</span> 
     </span>
     <span class='ocr_line' id='line_1_15' title="bbox 356 834 1353 869; baseline 0.003 -3"><span class='ocrx_word' id='word_1_68' title='bbox 356 834 432 867; x_wconf 88' lang='lat' dir='ltr'>Sion</span> <span class='ocrx_word' id='word_1_69' title='bbox 457 834 556 867; x_wconf 81' lang='lat' dir='ltr'>filiae:</span> <span class='ocrx_word' id='word_1_70' title='bbox 1041 837 1155 869; x_wconf 82' lang='lat' dir='ltr'>Nullus</span> <span class='ocrx_word' id='word_1_71' title='bbox 1179 837 1353 869; x_wconf 72' lang='lat' dir='ltr'>Jebusaeus</span> 
     </span>
     <span class='ocr_line' id='line_1_16' title="bbox 287 882 1381 925; baseline 0.004 -13"><span class='ocrx_word' id='word_1_72' title='bbox 287 882 341 914; x_wconf 85' lang='lat'>25.</span> <span class='ocrx_word' id='word_1_73' title='bbox 357 882 381 914; x_wconf 95' lang='lat' dir='ltr'>O</span> <span class='ocrx_word' id='word_1_74' title='bbox 410 882 545 922; x_wconf 86' lang='lat' dir='ltr'>domina,</span> <span class='ocrx_word' id='word_1_75' title='bbox 572 883 648 914; x_wconf 86' lang='lat' dir='ltr'>sede</span> <span class='ocrx_word' id='word_1_76' title='bbox 672 882 705 913; x_wconf 88' lang='lat' dir='ltr'>in</span> <span class='ocrx_word' id='word_1_77' title='bbox 729 883 871 925; x_wconf 84' lang='lat' dir='ltr'>pulvere,</span> <span class='ocrx_word' id='word_1_78' title='bbox 1040 884 1217 923; x_wconf 81' lang='lat' dir='ltr'>Nullusque</span> <span class='ocrx_word' id='word_1_79' title='bbox 1239 885 1381 916; x_wconf 89' lang='lat' dir='ltr'>Hetheus</span> 
     </span>
     <span class='ocr_line' id='line_1_17' title="bbox 358 928 1376 972; baseline 0.004 -13"><span class='ocrx_word' id='word_1_80' title='bbox 358 928 418 961; x_wconf 87' lang='lat' dir='ltr'>Pro</span> <span class='ocrx_word' id='word_1_81' title='bbox 442 928 520 969; x_wconf 84' lang='lat' dir='ltr'>filio,</span> <span class='ocrx_word' id='word_1_82' title='bbox 548 929 633 967; x_wconf 85' lang='lat' dir='ltr'>Sion,</span> <span class='ocrx_word' id='word_1_83' title='bbox 661 938 884 969; x_wconf 82' lang='lat' dir='ltr'>conquaerere.</span> <span class='ocrx_word' id='word_1_84' title='bbox 1041 930 1158 964; x_wconf 77' lang='lat' dir='ltr'>Contra</span> <span class='ocrx_word' id='word_1_85' title='bbox 1181 929 1376 972; x_wconf 81' lang='lat' dir='ltr'>Stephanum</span> 
     </span>
     <span class='ocr_line' id='line_1_18' title="bbox 357 976 1402 1017; baseline 0.002 -10"><span class='ocrx_word' id='word_1_86' title='bbox 357 976 512 1015; x_wconf 79' lang='lat' dir='ltr'>Querelae</span> <span class='ocrx_word' id='word_1_87' title='bbox 535 976 681 1015; x_wconf 86' lang='lat' dir='ltr'>plauctus</span> <span class='ocrx_word' id='word_1_88' title='bbox 973 979 1027 1011; x_wconf 87' lang='lat'>50.</span> <span class='ocrx_word' id='word_1_89' title='bbox 1043 978 1194 1011; x_wconf 77' lang='lat' dir='ltr'>Poterant</span> <span class='ocrx_word' id='word_1_90' title='bbox 1217 979 1402 1017; x_wconf 84' lang='lat' dir='ltr'>praevalere</span> 
     </span>
     <span class='ocr_line' id='line_1_19' title="bbox 356 1024 1297 1069; baseline 0.003 -15"><span class='ocrx_word' id='word_1_91' title='bbox 356 1024 502 1064; x_wconf 82' lang='lat' dir='ltr'>Asperae</span> <span class='ocrx_word' id='word_1_92' title='bbox 530 1025 560 1054; x_wconf 86' lang='lat' dir='ltr'>et</span> <span class='ocrx_word' id='word_1_93' title='bbox 585 1024 729 1063; x_wconf 79' lang='lat' dir='ltr'>ploratus</span> <span class='ocrx_word' id='word_1_94' title='bbox 1040 1025 1144 1065; x_wconf 83' lang='lat' dir='ltr'>Eique</span> <span class='ocrx_word' id='word_1_95' title='bbox 1167 1033 1297 1069; x_wconf 83' lang='lat' dir='ltr'>nocere3</span> 
     </span>
     <span class='ocr_line' id='line_1_20' title="bbox 355 1070 1436 1110; baseline 0.002 -8"><span class='ocrx_word' id='word_1_96' title='bbox 355 1070 473 1110; x_wconf 88' lang='lat' dir='ltr'>Audio,</span> <span class='ocrx_word' id='word_1_97' title='bbox 1043 1072 1125 1105; x_wconf 87' lang='lat' dir='ltr'>Sede</span> <span class='ocrx_word' id='word_1_98' title='bbox 1147 1076 1242 1104; x_wconf 90' lang='lat' dir='ltr'>ruunt</span> <span class='ocrx_word' id='word_1_99' title='bbox 1263 1076 1295 1104; x_wconf 90' lang='lat' dir='ltr'>et</span> <span class='ocrx_word' id='word_1_100' title='bbox 1320 1073 1436 1105; x_wconf 87' lang='lat' dir='ltr'>devicti</span> 
     </span>
     <span class='ocr_line' id='line_1_21' title="bbox 289 1117 1265 1158; baseline 0.002 -9"><span class='ocrx_word' id='word_1_101' title='bbox 289 1118 344 1149; x_wconf 86' lang='lat'>30.</span> <span class='ocrx_word' id='word_1_102' title='bbox 359 1118 462 1149; x_wconf 87' lang='lat' dir='ltr'>Voces</span> <span class='ocrx_word' id='word_1_103' title='bbox 488 1119 520 1149; x_wconf 89' lang='lat' dir='ltr'>et</span> <span class='ocrx_word' id='word_1_104' title='bbox 542 1117 688 1157; x_wconf 85' lang='lat' dir='ltr'>loquelae</span> <span class='ocrx_word' id='word_1_105' title='bbox 1042 1120 1120 1152; x_wconf 85' lang='lat' dir='ltr'>Sunt</span> <span class='ocrx_word' id='word_1_106' title='bbox 1145 1118 1265 1158; x_wconf 87' lang='lat' dir='ltr'>afflicti,</span> 
     </span>
     <span class='ocr_line' id='line_1_22' title="bbox 358 1164 1424 1205; baseline 0.003 -9"><span class='ocrx_word' id='word_1_107' title='bbox 358 1164 482 1197; x_wconf 82' lang='lat' dir='ltr'>Mixtae</span> <span class='ocrx_word' id='word_1_108' title='bbox 506 1168 580 1196; x_wconf 88' lang='lat' dir='ltr'>sunt</span> <span class='ocrx_word' id='word_1_109' title='bbox 604 1165 751 1205; x_wconf 80' lang='lat' dir='ltr'>suspirio,</span> <span class='ocrx_word' id='word_1_110' title='bbox 1041 1167 1229 1199; x_wconf 80' lang='lat' dir='ltr'>Manserunt</span> <span class='ocrx_word' id='word_1_111' title='bbox 1253 1167 1424 1199; x_wconf 88' lang='lat' dir='ltr'>esurientes</span> 
     </span>
     <span class='ocr_line' id='line_1_23' title="bbox 358 1212 1261 1254; baseline 0.001 -10"><span class='ocrx_word' id='word_1_112' title='bbox 358 1212 556 1252; x_wconf 82' lang='lat' dir='ltr'>Planguntur</span> <span class='ocrx_word' id='word_1_113' title='bbox 581 1222 600 1244; x_wconf 83' lang='lat' dir='ltr'>a</span> <span class='ocrx_word' id='word_1_114' title='bbox 623 1212 772 1244; x_wconf 84' lang='lat' dir='ltr'>Rachele.</span> <span class='ocrx_word' id='word_1_115' title='bbox 974 1216 1027 1247; x_wconf 87' lang='lat'>55.</span> <span class='ocrx_word' id='word_1_116' title='bbox 1041 1213 1086 1246; x_wconf 78' lang='lat' dir='ltr'>Et</span> <span class='ocrx_word' id='word_1_117' title='bbox 1109 1214 1261 1254; x_wconf 86' lang='lat' dir='ltr'>sitientes,</span> 
     </span>
     <span class='ocr_line' id='line_1_24' title="bbox 358 1258 1353 1300; baseline 0.003 -10"><span class='ocrx_word' id='word_1_118' title='bbox 358 1258 468 1300; x_wconf 86' lang='lat' dir='ltr'>Surge,</span> <span class='ocrx_word' id='word_1_119' title='bbox 492 1268 598 1299; x_wconf 82' lang='lat' dir='ltr'>pugna</span> <span class='ocrx_word' id='word_1_120' title='bbox 622 1262 700 1299; x_wconf 87' lang='lat' dir='ltr'>tute,</span> <span class='ocrx_word' id='word_1_121' title='bbox 1045 1261 1158 1293; x_wconf 89' lang='lat' dir='ltr'>Omnes</span> <span class='ocrx_word' id='word_1_122' title='bbox 1182 1262 1353 1300; x_wconf 83' lang='lat' dir='ltr'>perierunt.</span> 
     </span>
    </p>
   </div>
   <div class='ocr_carea' id='block_1_3' title="bbox 292 1350 1588 1423">
    <p class='ocr_par' dir='ltr' id='par_1_3' title="bbox 292 1350 1588 1423">
     <span class='ocr_line' id='line_1_25' title="bbox 366 1350 1588 1390; baseline 0.002 -11"><span class='ocrx_word' id='word_1_123' title='bbox 366 1351 435 1379; x_wconf 79' lang='lat' dir='ltr'>Cod.</span> <span class='ocrx_word' id='word_1_124' title='bbox 457 1352 549 1380; x_wconf 76' lang='lat' dir='ltr'>Graec</span> <span class='ocrx_word' id='word_1_125' title='bbox 559 1360 596 1378; x_wconf 74' lang='lat' dir='ltr'>zn.</span> <span class='ocrx_word' id='word_1_126' title='bbox 618 1350 668 1383; x_wconf 78' lang='lat'>(01.</span> <span class='ocrx_word' id='word_1_127' title='bbox 688 1351 849 1387; x_wconf 45' lang='lat' dir='ltr'>Seccvienss</span> <span class='ocrx_word' id='word_1_128' title='bbox 871 1350 927 1381; x_wconf 81' lang='lat'>756</span> <span class='ocrx_word' id='word_1_129' title='bbox 946 1354 1015 1380; x_wconf 84' lang='lat' dir='ltr'>anni</span> <span class='ocrx_word' id='word_1_130' title='bbox 1039 1350 1120 1382; x_wconf 71' lang='lat'>1345.</span> <span class='ocrx_word' id='word_1_131' title='bbox 1152 1354 1329 1381; x_wconf 74' lang='lat' dir='ltr'>Bezeichnet</span> <span class='ocrx_word' id='word_1_132' title='bbox 1346 1353 1390 1381; x_wconf 81' lang='lat' dir='ltr'>als</span> <span class='ocrx_word' id='word_1_133' title='bbox 1410 1355 1540 1390; x_wconf 80' lang='lat' dir='ltr'>„Tropus</span> <span class='ocrx_word' id='word_1_134' title='bbox 1559 1356 1588 1382; x_wconf 84' lang='lat' dir='ltr'>in</span> 
     </span>
     <span class='ocr_line' id='line_1_26' title="bbox 292 1387 630 1423; baseline 0 -7"><span class='ocrx_word' id='word_1_135' title='bbox 292 1389 338 1417; x_wconf 86' lang='lat' dir='ltr'>die</span> <span class='ocrx_word' id='word_1_136' title='bbox 359 1389 440 1418; x_wconf 83' lang='lat' dir='ltr'>beati</span> <span class='ocrx_word' id='word_1_137' title='bbox 460 1387 630 1423; x_wconf 86' lang='lat' dir='ltr'>Stephani“.</span> 
     </span>
    </p>
   </div>
   <div class='ocr_carea' id='block_1_4' title="bbox 282 1516 1443 2272">
    <p class='ocr_par' dir='ltr' id='par_1_4' title="bbox 282 1516 1443 2272">
     <span class='ocr_line' id='line_1_27' title="bbox 898 1516 987 1548; baseline 0 0"><span class='ocrx_word' id='word_1_138' title='bbox 898 1516 987 1548; x_wconf 83' lang='lat' dir='ltr'>XVI.</span> 
     </span>
     <span class='ocr_line' id='line_1_28' title="bbox 355 1617 1427 1660; baseline 0.002 -12"><span class='ocrx_word' id='word_1_139' title='bbox 355 1617 464 1649; x_wconf 87' lang='lat' dir='ltr'>Minor</span> <span class='ocrx_word' id='word_1_140' title='bbox 488 1620 565 1648; x_wconf 80' lang='lat' dir='ltr'>natu</span> <span class='ocrx_word' id='word_1_141' title='bbox 588 1617 673 1650; x_wconf 86' lang='lat' dir='ltr'>filius</span> <span class='ocrx_word' id='word_1_142' title='bbox 974 1619 1073 1652; x_wconf 85' lang='lat' dir='ltr'>15.1n</span> <span class='ocrx_word' id='word_1_143' title='bbox 1104 1619 1265 1659; x_wconf 81' lang='lat' dir='ltr'>amplexus</span> <span class='ocrx_word' id='word_1_144' title='bbox 1289 1622 1427 1660; x_wconf 82' lang='lat' dir='ltr'>venerat,</span> 
     </span>
     <span class='ocr_line' id='line_1_29' title="bbox 356 1664 1199 1706; baseline 0.001 -10"><span class='ocrx_word' id='word_1_145' title='bbox 356 1664 418 1696; x_wconf 82' lang='lat' dir='ltr'>Est</span> <span class='ocrx_word' id='word_1_146' title='bbox 442 1665 568 1705; x_wconf 84' lang='lat' dir='ltr'>gentilis</span> <span class='ocrx_word' id='word_1_147' title='bbox 592 1665 728 1705; x_wconf 88' lang='lat' dir='ltr'>populus</span> <span class='ocrx_word' id='word_1_148' title='bbox 1041 1667 1199 1706; x_wconf 85' lang='lat' dir='ltr'>Perditus,</span> 
     </span>
     <span class='ocr_line' id='line_1_30' title="bbox 357 1711 1269 1756; baseline 0.001 -13"><span class='ocrx_word' id='word_1_149' title='bbox 357 1711 475 1743; x_wconf 80' lang='lat' dir='ltr'>Caecus</span> <span class='ocrx_word' id='word_1_150' title='bbox 501 1714 533 1743; x_wconf 86' lang='lat' dir='ltr'>et</span> <span class='ocrx_word' id='word_1_151' title='bbox 555 1712 749 1754; x_wconf 87' lang='lat' dir='ltr'>incredulus,</span> <span class='ocrx_word' id='word_1_152' title='bbox 1040 1715 1099 1756; x_wconf 76' lang='lat' dir='ltr'>Qui</span> <span class='ocrx_word' id='word_1_153' title='bbox 1122 1713 1269 1756; x_wconf 81' lang='lat' dir='ltr'>perierat,</span> 
     </span>
     <span class='ocr_line' id='line_1_31' title="bbox 355 1759 1314 1802; baseline 0.005 -12"><span class='ocrx_word' id='word_1_154' title='bbox 355 1759 415 1798; x_wconf 76' lang='lat' dir='ltr'>Qui</span> <span class='ocrx_word' id='word_1_155' title='bbox 444 1763 629 1799; x_wconf 82' lang='lat' dir='ltr'>recesserat,</span> <span class='ocrx_word' id='word_1_156' title='bbox 1039 1761 1133 1802; x_wconf 88' lang='lat' dir='ltr'>Ecce,</span> <span class='ocrx_word' id='word_1_157' title='bbox 1159 1760 1314 1795; x_wconf 80' lang='lat' dir='ltr'>redditus,</span> 
     </span>
     <span class='ocr_line' id='line_1_32' title="bbox 311 1807 1373 1850; baseline 0 -11"><span class='ocrx_word' id='word_1_158' title='bbox 311 1807 340 1839; x_wconf 85' lang='lat'>5.</span> <span class='ocrx_word' id='word_1_159' title='bbox 357 1807 415 1844; x_wconf 71' lang='lat' dir='ltr'>Qui</span> <span class='ocrx_word' id='word_1_160' title='bbox 443 1807 654 1846; x_wconf 80' lang='lat' dir='ltr'>dissipaverat</span> <span class='ocrx_word' id='word_1_161' title='bbox 1041 1809 1206 1850; x_wconf 87' lang='lat' dir='ltr'>Saginatus</span> <span class='ocrx_word' id='word_1_162' title='bbox 1231 1809 1373 1841; x_wconf 86' lang='lat' dir='ltr'>caeditur</span> 
     </span>
     <span class='ocr_line' id='line_1_33' title="bbox 354 1854 1173 1899; baseline 0.001 -13"><span class='ocrx_word' id='word_1_163' title='bbox 354 1854 511 1894; x_wconf 82' lang='lat' dir='ltr'>Prodigus</span> <span class='ocrx_word' id='word_1_164' title='bbox 970 1858 1025 1890; x_wconf 86' lang='lat'>20.</span> <span class='ocrx_word' id='word_1_165' title='bbox 1041 1856 1173 1899; x_wconf 82' lang='lat' dir='ltr'>Vitulus,</span> 
     </span>
     <span class='ocr_line' id='line_1_34' title="bbox 360 1901 1330 1945; baseline 0.002 -13"><span class='ocrx_word' id='word_1_166' title='bbox 360 1901 486 1933; x_wconf 84' lang='lat' dir='ltr'>Partem</span> <span class='ocrx_word' id='word_1_167' title='bbox 512 1911 604 1941; x_wconf 87' lang='lat' dir='ltr'>quam</span> <span class='ocrx_word' id='word_1_168' title='bbox 630 1901 788 1935; x_wconf 85' lang='lat' dir='ltr'>funiculus</span> <span class='ocrx_word' id='word_1_169' title='bbox 1040 1904 1155 1945; x_wconf 86' lang='lat' dir='ltr'>Digitis</span> <span class='ocrx_word' id='word_1_170' title='bbox 1179 1903 1330 1935; x_wconf 89' lang='lat' dir='ltr'>inseritur</span> 
     </span>
     <span class='ocr_line' id='line_1_35' title="bbox 400 1950 1193 1993; baseline 0.003 -13"><span class='ocrx_word' id='word_1_171' title='bbox 400 1952 534 1981; x_wconf 88' lang='lat' dir='ltr'>naturae</span> <span class='ocrx_word' id='word_1_172' title='bbox 560 1950 712 1990; x_wconf 80' lang='lat' dir='ltr'>dederat3</span> <span class='ocrx_word' id='word_1_173' title='bbox 1038 1952 1193 1993; x_wconf 87' lang='lat' dir='ltr'>Annulus,</span> 
     </span>
     <span class='ocr_line' id='line_1_36' title="bbox 353 1994 1435 2038; baseline 0.003 -12"><span class='ocrx_word' id='word_1_174' title='bbox 353 1994 472 2028; x_wconf 88' lang='lat' dir='ltr'>Factus</span> <span class='ocrx_word' id='word_1_175' title='bbox 495 1996 623 2037; x_wconf 82' lang='lat' dir='ltr'>indigus</span> <span class='ocrx_word' id='word_1_176' title='bbox 1038 1998 1135 2031; x_wconf 83' lang='lat' dir='ltr'>Dolet</span> <span class='ocrx_word' id='word_1_177' title='bbox 1158 1998 1260 2030; x_wconf 85' lang='lat' dir='ltr'>frater</span> <span class='ocrx_word' id='word_1_178' title='bbox 1285 1998 1435 2038; x_wconf 87' lang='lat' dir='ltr'>aemulus,</span> 
     </span>
     <span class='ocr_line' id='line_1_37' title="bbox 282 2042 1199 2086; baseline 0.002 -12"><span class='ocrx_word' id='word_1_179' title='bbox 282 2042 337 2074; x_wconf 88' lang='grc'>10.</span> <span class='ocrx_word' id='word_1_180' title='bbox 351 2042 389 2074; x_wconf 89' lang='lat' dir='ltr'>In</span> <span class='ocrx_word' id='word_1_181' title='bbox 416 2044 575 2075; x_wconf 85' lang='lat' dir='ltr'>desertum</span> <span class='ocrx_word' id='word_1_182' title='bbox 597 2043 724 2084; x_wconf 83' lang='lat' dir='ltr'>fugerat</span> <span class='ocrx_word' id='word_1_183' title='bbox 1034 2045 1199 2086; x_wconf 85' lang='lat' dir='ltr'>Affligitur</span> 
     </span>
     <span class='ocr_line' id='line_1_38' title="bbox 351 2088 1196 2133; baseline 0.007 -14"><span class='ocrx_word' id='word_1_184' title='bbox 351 2088 396 2119; x_wconf 88' lang='lat' dir='ltr'>Et</span> <span class='ocrx_word' id='word_1_185' title='bbox 419 2098 533 2129; x_wconf 85' lang='lat' dir='ltr'>porcos</span> <span class='ocrx_word' id='word_1_186' title='bbox 558 2093 700 2131; x_wconf 86' lang='lat' dir='ltr'>paverat,</span> <span class='ocrx_word' id='word_1_187' title='bbox 967 2093 1022 2125; x_wconf 87' lang='lat'>25.</span> <span class='ocrx_word' id='word_1_188' title='bbox 1036 2092 1087 2125; x_wconf 81' lang='lat' dir='ltr'>Ex</span> <span class='ocrx_word' id='word_1_189' title='bbox 1112 2094 1196 2133; x_wconf 86' lang='lat' dir='ltr'>odio,</span> 
     </span>
     <span class='ocr_line' id='line_1_39' title="bbox 351 2136 1443 2179; baseline 0.005 -13"><span class='ocrx_word' id='word_1_190' title='bbox 351 2136 521 2167; x_wconf 88' lang='lat' dir='ltr'>Poenitens</span> <span class='ocrx_word' id='word_1_191' title='bbox 545 2137 696 2175; x_wconf 88' lang='lat' dir='ltr'>redierat,</span> <span class='ocrx_word' id='word_1_192' title='bbox 1037 2139 1117 2171; x_wconf 90' lang='lat' dir='ltr'>Suus</span> <span class='ocrx_word' id='word_1_193' title='bbox 1143 2140 1227 2179; x_wconf 88' lang='lat' dir='ltr'>quod</span> <span class='ocrx_word' id='word_1_194' title='bbox 1252 2139 1443 2172; x_wconf 84' lang='lat' dir='ltr'>fraterculus</span> 
     </span>
     <span class='ocr_line' id='line_1_40' title="bbox 351 2180 1201 2225; baseline 0.005 -13"><span class='ocrx_word' id='word_1_195' title='bbox 351 2180 478 2214; x_wconf 79' lang='lat' dir='ltr'>Gaudet</span> <span class='ocrx_word' id='word_1_196' title='bbox 501 2184 594 2222; x_wconf 84' lang='lat' dir='ltr'>pater</span> <span class='ocrx_word' id='word_1_197' title='bbox 617 2182 755 2223; x_wconf 81' lang='lat' dir='ltr'>sedulus,</span> <span class='ocrx_word' id='word_1_198' title='bbox 1033 2185 1201 2225; x_wconf 80' lang='lat' dir='ltr'>Recipitur</span> 
     </span>
     <span class='ocr_line' id='line_1_41' title="bbox 351 2227 1390 2272; baseline 0.008 -14"><span class='ocrx_word' id='word_1_199' title='bbox 351 2227 432 2264; x_wconf 75' lang='lat' dir='ltr'>Quia</span> <span class='ocrx_word' id='word_1_200' title='bbox 456 2229 607 2267; x_wconf 82' lang='lat' dir='ltr'>parvulus</span> <span class='ocrx_word' id='word_1_201' title='bbox 1037 2230 1114 2263; x_wconf 87' lang='lat' dir='ltr'>Cum</span> <span class='ocrx_word' id='word_1_202' title='bbox 1139 2233 1254 2271; x_wconf 85' lang='lat' dir='ltr'>gaudio</span> <span class='ocrx_word' id='word_1_203' title='bbox 1279 2233 1390 2272; x_wconf 82' lang='lat' dir='ltr'>patris.</span> 
     </span>
    </p>
   </div>
   <div class='ocr_carea' id='block_1_5' title="bbox 278 2316 1589 2429">
    <p class='ocr_par' dir='ltr' id='par_1_5' title="bbox 278 2316 1589 2429">
     <span class='ocr_line' id='line_1_42' title="bbox 358 2316 1589 2354; baseline 0.01 -12"><span class='ocrx_word' id='word_1_204' title='bbox 358 2316 426 2344; x_wconf 87' lang='lat' dir='ltr'>Cod.</span> <span class='ocrx_word' id='word_1_205' title='bbox 446 2318 611 2345; x_wconf 83' lang='lat' dir='ltr'>Londinen.</span> <span class='ocrx_word' id='word_1_206' title='bbox 630 2318 763 2354; x_wconf 83' lang='lat' dir='ltr'>Egerton</span> <span class='ocrx_word' id='word_1_207' title='bbox 783 2316 847 2344; x_wconf 85' lang='lat'>274.</span> <span class='ocrx_word' id='word_1_208' title='bbox 868 2326 943 2346; x_wconf 81' lang='lat' dir='ltr'>saec.</span> <span class='ocrx_word' id='word_1_209' title='bbox 967 2317 1009 2346; x_wconf 87' lang='grc'>13.</span> <span class='ocrx_word' id='word_1_210' title='bbox 1030 2320 1064 2346; x_wconf 90' lang='grc' dir='ltr'>Α.</span> <span class='ocrx_word' id='word_1_211' title='bbox 1085 2336 1123 2340; x_wconf 90' lang='grc'><strong>-</strong></span> <span class='ocrx_word' id='word_1_212' title='bbox 1144 2322 1227 2349; x_wconf 84' lang='lat' dir='ltr'>Cant.</span> <span class='ocrx_word' id='word_1_213' title='bbox 1247 2332 1300 2350; x_wconf 87' lang='lat' dir='ltr'>ms.</span> <span class='ocrx_word' id='word_1_214' title='bbox 1314 2323 1396 2350; x_wconf 82' lang='lat' dir='ltr'>Petri</span> <span class='ocrx_word' id='word_1_215' title='bbox 1415 2324 1451 2351; x_wconf 87' lang='lat' dir='ltr'>de</span> <span class='ocrx_word' id='word_1_216' title='bbox 1463 2325 1589 2354; x_wconf 80' lang='lat' dir='ltr'>Medicis</span> 
     </span>
     <span class='ocr_line' id='line_1_43' title="bbox 279 2351 1588 2400; baseline 0.01 -21"><span class='ocrx_word' id='word_1_217' title='bbox 279 2361 356 2380; x_wconf 81' lang='lat' dir='ltr'>saec.</span> <span class='ocrx_word' id='word_1_218' title='bbox 381 2351 424 2380; x_wconf 84' lang='lat'>13.</span> <span class='ocrx_word' id='word_1_219' title='bbox 458 2354 528 2381; x_wconf 84' lang='lat' dir='ltr'>God.</span> <span class='ocrx_word' id='word_1_220' title='bbox 549 2355 739 2397; x_wconf 60' lang='lat' dir='ltr'>Laurentian.</span> <span class='ocrx_word' id='word_1_221' title='bbox 759 2355 803 2381; x_wconf 77' lang='lat' dir='ltr'>Pl.</span> <span class='ocrx_word' id='word_1_222' title='bbox 825 2353 869 2381; x_wconf 80' lang='lat'>29.</span> <span class='ocrx_word' id='word_1_223' title='bbox 893 2354 917 2381; x_wconf 89' lang='grc'>1.</span> <span class='ocrx_word' id='word_1_224' title='bbox 940 2356 973 2382; x_wconf 92' lang='grc' dir='ltr'>Β.</span> <span class='ocrx_word' id='word_1_225' title='bbox 994 2371 1028 2375; x_wconf 94' lang='grc'>-</span> <span class='ocrx_word' id='word_1_226' title='bbox 1045 2357 1107 2385; x_wconf 87' lang='lat' dir='ltr'>Das</span> <span class='ocrx_word' id='word_1_227' title='bbox 1119 2356 1197 2387; x_wconf 78' lang='lat' dir='ltr'>Lied</span> <span class='ocrx_word' id='word_1_228' title='bbox 1216 2361 1257 2386; x_wconf 83' lang='lat' dir='ltr'>ist</span> <span class='ocrx_word' id='word_1_229' title='bbox 1274 2360 1376 2395; x_wconf 75' lang='lat' dir='ltr'>gewiss</span> <span class='ocrx_word' id='word_1_230' title='bbox 1396 2369 1454 2387; x_wconf 84' lang='lat' dir='ltr'>von</span> <span class='ocrx_word' id='word_1_231' title='bbox 1467 2362 1588 2400; x_wconf 85' lang='lat' dir='ltr'>Philipp</span> 
     </span>
     <span class='ocr_line' id='line_1_44' title="bbox 278 2389 1231 2429; baseline 0.004 -12"><span class='ocrx_word' id='word_1_232' title='bbox 278 2390 314 2416; x_wconf 83' lang='lat' dir='ltr'>de</span> <span class='ocrx_word' id='word_1_233' title='bbox 335 2389 458 2425; x_wconf 78' lang='lat' dir='ltr'>Grevia3</span> <span class='ocrx_word' id='word_1_234' title='bbox 482 2391 530 2417; x_wconf 86' lang='lat' dir='ltr'>die</span> <span class='ocrx_word' id='word_1_235' title='bbox 550 2391 711 2418; x_wconf 79' lang='lat' dir='ltr'>Aufschrist</span> <span class='ocrx_word' id='word_1_236' title='bbox 730 2393 761 2418; x_wconf 89' lang='lat' dir='ltr'>in</span> <span class='ocrx_word' id='word_1_237' title='bbox 780 2392 803 2418; x_wconf 81' lang='lat' dir='ltr'>A</span> <span class='ocrx_word' id='word_1_238' title='bbox 825 2392 932 2418; x_wconf 78' lang='lat' dir='ltr'>lautet:</span> <span class='ocrx_word' id='word_1_239' title='bbox 954 2393 1000 2419; x_wconf 85' lang='lat' dir='ltr'>De</span> <span class='ocrx_word' id='word_1_240' title='bbox 1019 2392 1079 2420; x_wconf 88' lang='lat' dir='ltr'>filio</span> <span class='ocrx_word' id='word_1_241' title='bbox 1099 2395 1231 2429; x_wconf 84' lang='lat' dir='ltr'>prodigo.</span> 
     </span>
    </p>
   </div>
  </div>
 </body>
</html>
