<?xml version="1.0" encoding="UTF-8"?>
<!DOCTYPE html PUBLIC "-//W3C//DTD XHTML 1.0 Transitional//EN"
    "http://www.w3.org/TR/xhtml1/DTD/xhtml1-transitional.dtd">
<html xmlns="http://www.w3.org/1999/xhtml" xml:lang="en" lang="en">
 <head>
  <title>
</title>
<meta http-equiv="Content-Type" content="text/html;charset=utf-8" />
  <meta name='ocr-system' content='tesseract 3.04.00' />
  <meta name='ocr-capabilities' content='ocr_page ocr_carea ocr_par ocr_line ocrx_word'/>
</head>
<body>
  <div class='ocr_page' id='page_1' title='image "./analectahymnica21drevuoft_00033.png"; bbox 0 0 1653 2564; ppageno 0'>
   <div class='ocr_carea' id='block_1_1' title="bbox 752 105 984 140">
    <p class='ocr_par' dir='ltr' id='par_1_1' title="bbox 752 105 984 140">
     <span class='ocr_line' id='line_1_1' title="bbox 752 105 984 140; baseline 0 -11"><span class='ocrx_word' id='word_1_1' title='bbox 752 105 984 140; x_wconf 48' lang='lat'>*30*</span> 
     </span>
    </p>
   </div>
   <div class='ocr_carea' id='block_1_2' title="bbox 638 199 1102 467">
    <p class='ocr_par' dir='ltr' id='par_1_2' title="bbox 638 199 1102 467">
     <span class='ocr_line' id='line_1_2' title="bbox 638 199 914 239; baseline 0 -8"><span class='ocrx_word' id='word_1_2' title='bbox 638 200 669 233; x_wconf 83' lang='lat'>5.</span> <span class='ocrx_word' id='word_1_3' title='bbox 693 199 732 231; x_wconf 81' lang='lat' dir='ltr'>In</span> <span class='ocrx_word' id='word_1_4' title='bbox 755 199 816 230; x_wconf 81' lang='lat' dir='ltr'>hoc</span> <span class='ocrx_word' id='word_1_5' title='bbox 839 207 914 239; x_wconf 81' lang='lat' dir='ltr'>ergo</span> 
     </span>
     <span class='ocr_line' id='line_1_3' title="bbox 737 244 1028 285; baseline 0.007 -9"><span class='ocrx_word' id='word_1_6' title='bbox 737 244 870 285; x_wconf 84' lang='lat' dir='ltr'>jubilaei</span> <span class='ocrx_word' id='word_1_7' title='bbox 894 246 1028 278; x_wconf 89' lang='lat' dir='ltr'>termino</span> 
     </span>
     <span class='ocr_line' id='line_1_4' title="bbox 693 291 914 325; baseline 0 -1"><span class='ocrx_word' id='word_1_8' title='bbox 693 291 808 325; x_wconf 89' lang='lat' dir='ltr'>Servus</span> <span class='ocrx_word' id='word_1_9' title='bbox 832 292 914 324; x_wconf 90' lang='lat' dir='ltr'>liber</span> 
     </span>
     <span class='ocr_line' id='line_1_5' title="bbox 744 339 1082 380; baseline 0.006 -10"><span class='ocrx_word' id='word_1_10' title='bbox 744 339 914 371; x_wconf 82' lang='lat' dir='ltr'>benedicat</span> <span class='ocrx_word' id='word_1_11' title='bbox 936 340 1082 380; x_wconf 88' lang='lat' dir='ltr'>Domino,</span> 
     </span>
     <span class='ocr_line' id='line_1_6' title="bbox 694 386 844 426; baseline 0 -8"><span class='ocrx_word' id='word_1_12' title='bbox 694 386 844 426; x_wconf 80' lang='lat' dir='ltr'>Alleluja,</span> 
     </span>
     <span class='ocr_line' id='line_1_7' title="bbox 742 434 1102 467; baseline 0.006 -2"><span class='ocrx_word' id='word_1_13' title='bbox 742 434 917 465; x_wconf 78' lang='lat' dir='ltr'><strong>resurrexit</strong></span> <span class='ocrx_word' id='word_1_14' title='bbox 939 434 1102 467; x_wconf 77' lang='lat' dir='ltr'>Dominus·</span> 
     </span>
    </p>
   </div>
   <div class='ocr_carea' id='block_1_3' title="bbox 296 494 1050 533">
    <p class='ocr_par' dir='ltr' id='par_1_3' title="bbox 296 494 1050 533">
     <span class='ocr_line' id='line_1_8' title="bbox 296 494 1050 533; baseline 0.001 -10"><span class='ocrx_word' id='word_1_15' title='bbox 296 496 365 524; x_wconf 85' lang='lat' dir='ltr'>Cod.</span> <span class='ocrx_word' id='word_1_16' title='bbox 387 495 524 524; x_wconf 84' lang='lat' dir='ltr'>Graecen.</span> <span class='ocrx_word' id='word_1_17' title='bbox 544 496 593 533; x_wconf 78' lang='lat' dir='ltr'>(ol.</span> <span class='ocrx_word' id='word_1_18' title='bbox 613 496 776 532; x_wconf 85' lang='lat' dir='ltr'>Secovien.)</span> <span class='ocrx_word' id='word_1_19' title='bbox 795 494 859 524; x_wconf 82' lang='lat'>756.</span> <span class='ocrx_word' id='word_1_20' title='bbox 878 499 948 525; x_wconf 84' lang='lat' dir='ltr'>anni</span> <span class='ocrx_word' id='word_1_21' title='bbox 970 495 1050 525; x_wconf 83' lang='lat'>1345.</span> 
     </span>
    </p>
   </div>
   <div class='ocr_carea' id='block_1_4' title="bbox 222 647 717 915">
    <p class='ocr_par' dir='ltr' id='par_1_4' title="bbox 222 647 717 915">
     <span class='ocr_line' id='line_1_9' title="bbox 222 647 642 685; baseline -0.005 -4"><span class='ocrx_word' id='word_1_22' title='bbox 222 648 252 681; x_wconf 87' lang='lat'>1.</span> <span class='ocrx_word' id='word_1_23' title='bbox 281 648 305 681; x_wconf 95' lang='lat' dir='ltr'>O</span> <span class='ocrx_word' id='word_1_24' title='bbox 331 648 407 680; x_wconf 83' lang='lat' dir='ltr'>Jesu</span> <span class='ocrx_word' id='word_1_25' title='bbox 435 647 642 685; x_wconf 83' lang='lat' dir='ltr'>admirabilis,</span> 
     </span>
     <span class='ocr_line' id='line_1_10' title="bbox 278 695 717 734; baseline -0.002 -7"><span class='ocrx_word' id='word_1_26' title='bbox 278 695 302 727; x_wconf 95' lang='lat' dir='ltr'>O</span> <span class='ocrx_word' id='word_1_27' title='bbox 328 696 423 727; x_wconf 83' lang='lat' dir='ltr'>laude</span> <span class='ocrx_word' id='word_1_28' title='bbox 446 695 518 734; x_wconf 89' lang='lat' dir='ltr'>plus</span> <span class='ocrx_word' id='word_1_29' title='bbox 537 695 717 734; x_wconf 86' lang='lat' dir='ltr'>laudabilis,</span> 
     </span>
     <span class='ocr_line' id='line_1_11' title="bbox 281 740 699 784; baseline -0.002 -10"><span class='ocrx_word' id='word_1_30' title='bbox 281 742 305 774; x_wconf 97' lang='lat' dir='ltr'>O</span> <span class='ocrx_word' id='word_1_31' title='bbox 335 742 483 782; x_wconf 83' lang='lat' dir='ltr'>gaudium</span> <span class='ocrx_word' id='word_1_32' title='bbox 506 740 699 784; x_wconf 82' lang='lat' dir='ltr'>mellifluum,</span> 
     </span>
     <span class='ocr_line' id='line_1_12' title="bbox 276 789 678 826; baseline -0.002 -5"><span class='ocrx_word' id='word_1_33' title='bbox 276 791 376 821; x_wconf 89' lang='lat' dir='ltr'>Amor</span> <span class='ocrx_word' id='word_1_34' title='bbox 402 789 506 821; x_wconf 83' lang='lat' dir='ltr'>cordis</span> <span class='ocrx_word' id='word_1_35' title='bbox 534 817 678 826; x_wconf 79' lang='grc'>.....</span> 
     </span>
     <span class='ocr_line' id='line_1_13' title="bbox 278 837 446 877; baseline -0.012 -8"><span class='ocrx_word' id='word_1_36' title='bbox 278 837 446 877; x_wconf 82' lang='lat' dir='ltr'>Irriguum,</span> 
     </span>
     <span class='ocr_line' id='line_1_14' title="bbox 281 882 633 915; baseline 0 0"><span class='ocrx_word' id='word_1_37' title='bbox 281 884 378 915; x_wconf 86' lang='lat' dir='ltr'>Totus</span> <span class='ocrx_word' id='word_1_38' title='bbox 403 882 633 915; x_wconf 83' lang='lat' dir='ltr'>desiderabilis.</span> 
     </span>
    </p>
   </div>
   <div class='ocr_carea' id='block_1_5' title="bbox 248 939 689 1207">
    <p class='ocr_par' dir='ltr' id='par_1_5' title="bbox 248 939 689 1164">
     <span class='ocr_line' id='line_1_15' title="bbox 248 939 654 983; baseline -0.005 -10"><span class='ocrx_word' id='word_1_39' title='bbox 248 966 256 973; x_wconf 83' lang='lat'><em>.</em></span> <span class='ocrx_word' id='word_1_40' title='bbox 280 940 305 972; x_wconf 92' lang='lat' dir='ltr'>O</span> <span class='ocrx_word' id='word_1_41' title='bbox 331 941 435 971; x_wconf 90' lang='lat' dir='ltr'>lumen</span> <span class='ocrx_word' id='word_1_42' title='bbox 459 939 654 983; x_wconf 82' lang='lat' dir='ltr'>indeficiens,</span> 
     </span>
     <span class='ocr_line' id='line_1_16' title="bbox 279 986 624 1029; baseline 0 -11"><span class='ocrx_word' id='word_1_43' title='bbox 279 986 442 1029; x_wconf 87' lang='lat' dir='ltr'>Afficiens,</span> <span class='ocrx_word' id='word_1_44' title='bbox 469 986 624 1027; x_wconf 88' lang='lat' dir='ltr'>reficiens,</span> 
     </span>
     <span class='ocr_line' id='line_1_17' title="bbox 279 1033 634 1076; baseline -0.003 -11"><span class='ocrx_word' id='word_1_45' title='bbox 279 1033 455 1074; x_wconf 86' lang='lat' dir='ltr'>Sufficiens,</span> <span class='ocrx_word' id='word_1_46' title='bbox 481 1034 634 1076; x_wconf 78' lang='lat' dir='ltr'>alliciens,</span> 
     </span>
     <span class='ocr_line' id='line_1_18' title="bbox 277 1080 689 1122; baseline 0.002 -10"><span class='ocrx_word' id='word_1_47' title='bbox 277 1080 433 1112; x_wconf 87' lang='lat' dir='ltr'>Fruentes</span> <span class='ocrx_word' id='word_1_48' title='bbox 457 1083 490 1112; x_wconf 89' lang='lat' dir='ltr'>te</span> <span class='ocrx_word' id='word_1_49' title='bbox 511 1081 689 1122; x_wconf 85' lang='lat' dir='ltr'>perficiens,</span> 
     </span>
     <span class='ocr_line' id='line_1_19' title="bbox 277 1127 488 1164; baseline 0 -5"><span class='ocrx_word' id='word_1_50' title='bbox 277 1127 343 1159; x_wconf 77' lang='lat' dir='ltr'>Nos</span> <span class='ocrx_word' id='word_1_51' title='bbox 367 1127 488 1164; x_wconf 78' lang='lat' dir='ltr'>sitiens,</span> 
     </span>
    </p>

    <p class='ocr_par' dir='ltr' id='par_1_6' title="bbox 277 1174 689 1207">
     <span class='ocr_line' id='line_1_20' title="bbox 277 1174 689 1207; baseline 0.002 -1"><span class='ocrx_word' id='word_1_52' title='bbox 277 1175 363 1206; x_wconf 89' lang='lat' dir='ltr'>Fons</span> <span class='ocrx_word' id='word_1_53' title='bbox 388 1174 473 1207; x_wconf 84' lang='lat' dir='ltr'>vitae</span> <span class='ocrx_word' id='word_1_54' title='bbox 495 1174 689 1207; x_wconf 89' lang='lat' dir='ltr'>indeficiens.</span> 
     </span>
    </p>
   </div>
   <div class='ocr_carea' id='block_1_6' title="bbox 277 1230 755 1506">
    <p class='ocr_par' dir='ltr' id='par_1_7' title="bbox 277 1230 755 1453">
     <span class='ocr_line' id='line_1_21' title="bbox 277 1230 702 1271; baseline 0 -9"><span class='ocrx_word' id='word_1_55' title='bbox 277 1230 328 1262; x_wconf 94' lang='lat' dir='ltr'>Ab</span> <span class='ocrx_word' id='word_1_56' title='bbox 354 1237 481 1262; x_wconf 83' lang='lat' dir='ltr'>aeterno</span> <span class='ocrx_word' id='word_1_57' title='bbox 506 1231 702 1271; x_wconf 80' lang='lat' dir='ltr'>provideras,</span> 
     </span>
     <span class='ocr_line' id='line_1_22' title="bbox 277 1278 755 1319; baseline 0.002 -10"><span class='ocrx_word' id='word_1_58' title='bbox 277 1278 508 1315; x_wconf 72' lang='lat' dir='ltr'>Praesciveras‚</span> <span class='ocrx_word' id='word_1_59' title='bbox 531 1287 588 1310; x_wconf 84' lang='lat' dir='ltr'>nos</span> <span class='ocrx_word' id='word_1_60' title='bbox 611 1287 755 1319; x_wconf 75' lang='lat' dir='ltr'>noveras,</span> 
     </span>
     <span class='ocr_line' id='line_1_23' title="bbox 277 1325 635 1366; baseline -0.006 -9"><span class='ocrx_word' id='word_1_61' title='bbox 277 1325 439 1366; x_wconf 66' lang='lat' dir='ltr'>E1egems,</span> <span class='ocrx_word' id='word_1_62' title='bbox 466 1325 635 1365; x_wconf 70' lang='lat' dir='ltr'>dilexeras,</span> 
     </span>
     <span class='ocr_line' id='line_1_24' title="bbox 277 1373 715 1411; baseline 0 -8"><span class='ocrx_word' id='word_1_63' title='bbox 277 1373 458 1411; x_wconf 78' lang='lat' dir='ltr'>Pravosque</span> <span class='ocrx_word' id='word_1_64' title='bbox 481 1373 715 1411; x_wconf 73' lang='lat' dir='ltr'>reprobaveras</span> 
     </span>
     <span class='ocr_line' id='line_1_25' title="bbox 277 1419 467 1453; baseline 0.016 -3"><span class='ocrx_word' id='word_1_65' title='bbox 277 1419 467 1453; x_wconf 78' lang='lat' dir='ltr'>Taxaveras,</span> 
     </span>
    </p>

    <p class='ocr_par' dir='ltr' id='par_1_8' title="bbox 278 1464 745 1506">
     <span class='ocr_line' id='line_1_26' title="bbox 278 1464 745 1506; baseline 0.002 -9"><span class='ocrx_word' id='word_1_66' title='bbox 278 1466 364 1504; x_wconf 71' lang='lat' dir='ltr'>Quae</span> <span class='ocrx_word' id='word_1_67' title='bbox 387 1468 460 1506; x_wconf 77' lang='lat' dir='ltr'>post</span> <span class='ocrx_word' id='word_1_68' title='bbox 486 1466 615 1498; x_wconf 84' lang='lat' dir='ltr'>daturus</span> <span class='ocrx_word' id='word_1_69' title='bbox 641 1464 745 1498; x_wconf 84' lang='lat' dir='ltr'>fueras</span> 
     </span>
    </p>
   </div>
   <div class='ocr_carea' id='block_1_7' title="bbox 276 1522 792 1798">
    <p class='ocr_par' dir='ltr' id='par_1_9' title="bbox 276 1522 670 1563">
     <span class='ocr_line' id='line_1_27' title="bbox 276 1522 670 1563; baseline 0.003 -10"><span class='ocrx_word' id='word_1_70' title='bbox 276 1522 425 1554; x_wconf 83' lang='lat' dir='ltr'>Dilexisti</span> <span class='ocrx_word' id='word_1_71' title='bbox 449 1531 506 1554; x_wconf 88' lang='lat' dir='ltr'>nos</span> <span class='ocrx_word' id='word_1_72' title='bbox 529 1522 670 1563; x_wconf 80' lang='lat' dir='ltr'>nimium,</span> 
     </span>
    </p>

    <p class='ocr_par' dir='ltr' id='par_1_10' title="bbox 280 1569 773 1656">
     <span class='ocr_line' id='line_1_28' title="bbox 281 1569 773 1611; baseline -0.002 -10"><span class='ocrx_word' id='word_1_73' title='bbox 281 1569 367 1601; x_wconf 86' lang='lat' dir='ltr'>Fons</span> <span class='ocrx_word' id='word_1_74' title='bbox 392 1569 486 1609; x_wconf 82' lang='lat' dir='ltr'>vitae,</span> <span class='ocrx_word' id='word_1_75' title='bbox 514 1570 589 1609; x_wconf 84' lang='lat' dir='ltr'>vita,</span> <span class='ocrx_word' id='word_1_76' title='bbox 615 1570 773 1611; x_wconf 80' lang='lat' dir='ltr'>gaudium,</span> 
     </span>
     <span class='ocr_line' id='line_1_29' title="bbox 280 1616 703 1656; baseline -0.005 -8"><span class='ocrx_word' id='word_1_77' title='bbox 280 1616 473 1656; x_wconf 82' lang='lat' dir='ltr'>Semperque</span> <span class='ocrx_word' id='word_1_78' title='bbox 496 1617 555 1648; x_wconf 87' lang='lat' dir='ltr'>tibi</span> <span class='ocrx_word' id='word_1_79' title='bbox 580 1616 703 1648; x_wconf 86' lang='lat' dir='ltr'>fuimus.</span> 
     </span>
    </p>

    <p class='ocr_par' dir='ltr' id='par_1_11' title="bbox 279 1663 792 1743">
     <span class='ocr_line' id='line_1_30' title="bbox 279 1663 792 1704; baseline 0.004 -10"><span class='ocrx_word' id='word_1_80' title='bbox 279 1664 336 1702; x_wconf 72' lang='lat' dir='ltr'>Qui</span> <span class='ocrx_word' id='word_1_81' title='bbox 366 1663 505 1696; x_wconf 89' lang='lat' dir='ltr'>nondum</span> <span class='ocrx_word' id='word_1_82' title='bbox 531 1673 599 1695; x_wconf 83' lang='lat' dir='ltr'>csse</span> <span class='ocrx_word' id='word_1_83' title='bbox 624 1665 792 1704; x_wconf 85' lang='lat' dir='ltr'>coepimus,</span> 
     </span>
     <span class='ocr_line' id='line_1_31' title="bbox 281 1710 472 1743; baseline 0 -1"><span class='ocrx_word' id='word_1_84' title='bbox 281 1710 472 1743; x_wconf 85' lang='lat' dir='ltr'>Exstitimus</span> 
     </span>
    </p>

    <p class='ocr_par' dir='ltr' id='par_1_12' title="bbox 276 1757 702 1798">
     <span class='ocr_line' id='line_1_32' title="bbox 276 1757 702 1798; baseline 0 -9"><span class='ocrx_word' id='word_1_85' title='bbox 276 1758 362 1789; x_wconf 89' lang='lat' dir='ltr'>Aute</span> <span class='ocrx_word' id='word_1_86' title='bbox 386 1766 477 1790; x_wconf 89' lang='lat' dir='ltr'>omne</span> <span class='ocrx_word' id='word_1_87' title='bbox 499 1757 702 1798; x_wconf 82' lang='lat' dir='ltr'>principium.</span> 
     </span>
    </p>
   </div>
   <div class='ocr_carea' id='block_1_8' title="bbox 247 1815 761 2092">
    <p class='ocr_par' dir='ltr' id='par_1_13' title="bbox 247 1815 761 2092">
     <span class='ocr_line' id='line_1_33' title="bbox 247 1815 761 1858; baseline 0.002 -12"><span class='ocrx_word' id='word_1_88' title='bbox 247 1839 254 1846; x_wconf 91' lang='lat'>.</span> <span class='ocrx_word' id='word_1_89' title='bbox 283 1815 336 1855; x_wconf 83' lang='lat' dir='ltr'>Et,</span> <span class='ocrx_word' id='word_1_90' title='bbox 364 1822 446 1853; x_wconf 85' lang='lat' dir='ltr'>ecce,</span> <span class='ocrx_word' id='word_1_91' title='bbox 473 1815 616 1847; x_wconf 88' lang='lat' dir='ltr'>Christus</span> <span class='ocrx_word' id='word_1_92' title='bbox 639 1815 761 1858; x_wconf 87' lang='lat' dir='ltr'>aderat,</span> 
     </span>
     <span class='ocr_line' id='line_1_34' title="bbox 279 1862 748 1902; baseline 0 -8"><span class='ocrx_word' id='word_1_93' title='bbox 279 1863 324 1895; x_wconf 76' lang='lat' dir='ltr'>Et</span> <span class='ocrx_word' id='word_1_94' title='bbox 352 1871 429 1902; x_wconf 84' lang='lat' dir='ltr'>quos</span> <span class='ocrx_word' id='word_1_95' title='bbox 453 1862 748 1901; x_wconf 79' lang='lat' dir='ltr'>praedestinaverat</span> 
     </span>
     <span class='ocr_line' id='line_1_35' title="bbox 281 1910 616 1949; baseline -0.003 -7"><span class='ocrx_word' id='word_1_96' title='bbox 281 1910 425 1942; x_wconf 81' lang='lat' dir='ltr'>Creatrix</span> <span class='ocrx_word' id='word_1_97' title='bbox 450 1910 616 1949; x_wconf 76' lang='lat' dir='ltr'>sapientia,</span> 
     </span>
     <span class='ocr_line' id='line_1_36' title="bbox 277 1957 672 1989; baseline 0 0"><span class='ocrx_word' id='word_1_98' title='bbox 277 1958 457 1989; x_wconf 84' lang='lat' dir='ltr'>Plasmatur</span> <span class='ocrx_word' id='word_1_99' title='bbox 488 1957 522 1988; x_wconf 90' lang='lat' dir='ltr'>in</span> <span class='ocrx_word' id='word_1_100' title='bbox 545 1957 672 1989; x_wconf 85' lang='lat' dir='ltr'>miseria</span> 
     </span>
     <span class='ocr_line' id='line_1_37' title="bbox 275 2004 446 2044; baseline -0.012 -7"><span class='ocrx_word' id='word_1_101' title='bbox 275 2005 320 2037; x_wconf 82' lang='lat' dir='ltr'>Et</span> <span class='ocrx_word' id='word_1_102' title='bbox 343 2004 446 2044; x_wconf 85' lang='lat' dir='ltr'>gratia</span> 
     </span>
     <span class='ocr_line' id='line_1_38' title="bbox 277 2051 726 2092; baseline 0.002 -9"><span class='ocrx_word' id='word_1_103' title='bbox 277 2051 434 2091; x_wconf 81' lang='lat' dir='ltr'>Salvatur,</span> <span class='ocrx_word' id='word_1_104' title='bbox 463 2053 547 2091; x_wconf 88' lang='lat' dir='ltr'>quod</span> <span class='ocrx_word' id='word_1_105' title='bbox 573 2051 726 2092; x_wconf 81' lang='lat' dir='ltr'>perierat.</span> 
     </span>
    </p>
   </div>
   <div class='ocr_carea' id='block_1_9' title="bbox 245 2108 808 2381">
    <p class='ocr_par' dir='ltr' id='par_1_14' title="bbox 245 2108 808 2334">
     <span class='ocr_line' id='line_1_39' title="bbox 245 2108 737 2148; baseline 0.004 -9"><span class='ocrx_word' id='word_1_106' title='bbox 245 2133 251 2139; x_wconf 93' lang='lat'><em>.</em></span> <span class='ocrx_word' id='word_1_107' title='bbox 278 2108 360 2140; x_wconf 90' lang='lat' dir='ltr'>Tota</span> <span class='ocrx_word' id='word_1_108' title='bbox 383 2117 489 2140; x_wconf 83' lang='lat' dir='ltr'>massa</span> <span class='ocrx_word' id='word_1_109' title='bbox 514 2110 737 2148; x_wconf 70' lang='lat' dir='ltr'>corrumpitur,</span> 
     </span>
     <span class='ocr_line' id='line_1_40' title="bbox 278 2155 674 2195; baseline -0.003 -8"><span class='ocrx_word' id='word_1_110' title='bbox 278 2155 413 2187; x_wconf 88' lang='lat' dir='ltr'>Placens</span> <span class='ocrx_word' id='word_1_111' title='bbox 436 2155 513 2185; x_wconf 88' lang='lat' dir='ltr'>inde</span> <span class='ocrx_word' id='word_1_112' title='bbox 538 2155 674 2195; x_wconf 82' lang='lat' dir='ltr'>eligitur,</span> 
     </span>
     <span class='ocr_line' id='line_1_41' title="bbox 275 2201 746 2242; baseline 0 -9"><span class='ocrx_word' id='word_1_113' title='bbox 275 2202 448 2242; x_wconf 85' lang='lat' dir='ltr'>Abjicitur‚</span> <span class='ocrx_word' id='word_1_114' title='bbox 480 2202 564 2240; x_wconf 89' lang='lat' dir='ltr'>quod</span> <span class='ocrx_word' id='word_1_115' title='bbox 590 2201 746 2242; x_wconf 87' lang='lat' dir='ltr'>displicet,</span> 
     </span>
     <span class='ocr_line' id='line_1_42' title="bbox 276 2248 808 2287; baseline 0 -7"><span class='ocrx_word' id='word_1_116' title='bbox 276 2248 347 2280; x_wconf 87' lang='lat' dir='ltr'>Hoc</span> <span class='ocrx_word' id='word_1_117' title='bbox 371 2250 471 2280; x_wconf 82' lang='lat' dir='ltr'>totum</span> <span class='ocrx_word' id='word_1_118' title='bbox 494 2248 630 2279; x_wconf 84' lang='lat' dir='ltr'>mundus</span> <span class='ocrx_word' id='word_1_119' title='bbox 659 2250 808 2287; x_wconf 83' lang='lat' dir='ltr'>continet,</span> 
     </span>
     <span class='ocr_line' id='line_1_43' title="bbox 278 2294 496 2334; baseline -0.005 -8"><span class='ocrx_word' id='word_1_120' title='bbox 278 2294 341 2326; x_wconf 88' lang='lat' dir='ltr'>Sed</span> <span class='ocrx_word' id='word_1_121' title='bbox 364 2294 496 2334; x_wconf 81' lang='lat' dir='ltr'>indicet,</span> 
     </span>
    </p>

    <p class='ocr_par' dir='ltr' id='par_1_15' title="bbox 277 2341 730 2381">
     <span class='ocr_line' id='line_1_44' title="bbox 277 2341 730 2381; baseline 0.004 -9"><span class='ocrx_word' id='word_1_122' title='bbox 277 2341 377 2372; x_wconf 83' lang='lat' dir='ltr'>Nobis</span> <span class='ocrx_word' id='word_1_123' title='bbox 403 2341 453 2381; x_wconf 85' lang='lat' dir='ltr'>qui</span> <span class='ocrx_word' id='word_1_124' title='bbox 477 2350 558 2380; x_wconf 85' lang='lat' dir='ltr'>puer</span> <span class='ocrx_word' id='word_1_125' title='bbox 580 2341 730 2374; x_wconf 83' lang='lat' dir='ltr'>nascitur.</span> 
     </span>
    </p>
   </div>
   <div class='ocr_carea' id='block_1_10' title="bbox 840 588 906 620">
    <p class='ocr_par' dir='ltr' id='par_1_16' title="bbox 840 588 906 620">
     <span class='ocr_line' id='line_1_45' title="bbox 840 588 906 620; baseline 0 -1"><span class='ocrx_word' id='word_1_126' title='bbox 840 588 906 620; x_wconf 77' lang='lat'>29.</span> 
     </span>
    </p>
   </div>
   <div class='ocr_carea' id='block_1_11' title="bbox 922 648 1457 1208">
    <p class='ocr_par' dir='ltr' id='par_1_17' title="bbox 924 648 1453 879">
     <span class='ocr_line' id='line_1_46' title="bbox 924 648 1376 688; baseline -0.009 -5"><span class='ocrx_word' id='word_1_127' title='bbox 924 651 955 683; x_wconf 85' lang='lat'>7.</span> <span class='ocrx_word' id='word_1_128' title='bbox 970 649 994 681; x_wconf 98' lang='lat' dir='ltr'>O</span> <span class='ocrx_word' id='word_1_129' title='bbox 1021 658 1113 688; x_wconf 84' lang='lat' dir='ltr'>quam</span> <span class='ocrx_word' id='word_1_130' title='bbox 1138 648 1215 681; x_wconf 79' lang='lat' dir='ltr'>felix</span> <span class='ocrx_word' id='word_1_131' title='bbox 1238 648 1376 687; x_wconf 79' lang='lat' dir='ltr'>miseria,</span> 
     </span>
     <span class='ocr_line' id='line_1_47' title="bbox 968 695 1437 737; baseline -0.002 -10"><span class='ocrx_word' id='word_1_132' title='bbox 968 697 1054 736; x_wconf 75' lang='lat' dir='ltr'>Quae</span> <span class='ocrx_word' id='word_1_133' title='bbox 1077 696 1189 737; x_wconf 84' lang='lat' dir='ltr'>gratia,</span> <span class='ocrx_word' id='word_1_134' title='bbox 1216 704 1295 735; x_wconf 88' lang='lat' dir='ltr'>quae</span> <span class='ocrx_word' id='word_1_135' title='bbox 1319 695 1437 736; x_wconf 82' lang='lat' dir='ltr'>gloria!</span> 
     </span>
     <span class='ocr_line' id='line_1_48' title="bbox 968 742 1453 783; baseline -0.004 -8"><span class='ocrx_word' id='word_1_136' title='bbox 968 743 1029 781; x_wconf 82' lang='lat' dir='ltr'>En,</span> <span class='ocrx_word' id='word_1_137' title='bbox 1057 744 1110 783; x_wconf 87' lang='lat' dir='ltr'>qui</span> <span class='ocrx_word' id='word_1_138' title='bbox 1135 743 1255 775; x_wconf 83' lang='lat' dir='ltr'>cunctis</span> <span class='ocrx_word' id='word_1_139' title='bbox 1281 742 1453 782; x_wconf 86' lang='lat' dir='ltr'>dissimilis,</span> 
     </span>
     <span class='ocr_line' id='line_1_49' title="bbox 968 789 1360 822; baseline 0 -1"><span class='ocrx_word' id='word_1_140' title='bbox 968 790 1054 822; x_wconf 87' lang='lat' dir='ltr'>Deus</span> <span class='ocrx_word' id='word_1_141' title='bbox 1078 791 1168 822; x_wconf 85' lang='lat' dir='ltr'>nohis</span> <span class='ocrx_word' id='word_1_142' title='bbox 1192 789 1230 821; x_wconf 78' lang='lat' dir='ltr'>fit</span> <span class='ocrx_word' id='word_1_143' title='bbox 1250 790 1360 821; x_wconf 86' lang='lat' dir='ltr'>similis</span> 
     </span>
     <span class='ocr_line' id='line_1_50' title="bbox 962 837 1168 879; baseline -0.005 -9"><span class='ocrx_word' id='word_1_144' title='bbox 962 837 1008 870; x_wconf 78' lang='lat' dir='ltr'>Et</span> <span class='ocrx_word' id='word_1_145' title='bbox 1030 838 1168 879; x_wconf 83' lang='lat' dir='ltr'>humilis,</span> 
     </span>
    </p>

    <p class='ocr_par' dir='ltr' id='par_1_18' title="bbox 968 883 1436 925">
     <span class='ocr_line' id='line_1_51' title="bbox 968 883 1436 925; baseline -0.002 -9"><span class='ocrx_word' id='word_1_146' title='bbox 968 885 1042 924; x_wconf 81' lang='lat' dir='ltr'>Quis</span> <span class='ocrx_word' id='word_1_147' title='bbox 1069 893 1205 925; x_wconf 84' lang='lat' dir='ltr'>unquam</span> <span class='ocrx_word' id='word_1_148' title='bbox 1228 884 1311 916; x_wconf 83' lang='lat' dir='ltr'>vidit</span> <span class='ocrx_word' id='word_1_149' title='bbox 1334 883 1436 916; x_wconf 82' lang='lat' dir='ltr'>talia?</span> 
     </span>
    </p>

    <p class='ocr_par' dir='ltr' id='par_1_19' title="bbox 922 941 1457 1208">
     <span class='ocr_line' id='line_1_52' title="bbox 922 941 1400 982; baseline -0.006 -7"><span class='ocrx_word' id='word_1_150' title='bbox 922 943 954 975; x_wconf 82' lang='lat'>8.</span> <span class='ocrx_word' id='word_1_151' title='bbox 968 941 1073 973; x_wconf 88' lang='lat' dir='ltr'>Senex</span> <span class='ocrx_word' id='word_1_152' title='bbox 1102 941 1224 973; x_wconf 87' lang='lat' dir='ltr'>dierum</span> <span class='ocrx_word' id='word_1_153' title='bbox 1247 942 1400 982; x_wconf 85' lang='lat' dir='ltr'>nascitur,</span> 
     </span>
     <span class='ocr_line' id='line_1_53' title="bbox 968 988 1396 1031; baseline -0.005 -11"><span class='ocrx_word' id='word_1_154' title='bbox 968 988 1039 1020; x_wconf 85' lang='lat' dir='ltr'>Lux</span> <span class='ocrx_word' id='word_1_155' title='bbox 1064 998 1147 1020; x_wconf 84' lang='lat' dir='ltr'>nova</span> <span class='ocrx_word' id='word_1_156' title='bbox 1170 988 1262 1019; x_wconf 84' lang='lat' dir='ltr'>nobis</span> <span class='ocrx_word' id='word_1_157' title='bbox 1286 988 1396 1031; x_wconf 88' lang='lat' dir='ltr'>oritur,</span> 
     </span>
     <span class='ocr_line' id='line_1_54' title="bbox 967 1035 1401 1074; baseline -0.002 -8"><span class='ocrx_word' id='word_1_158' title='bbox 967 1035 1038 1067; x_wconf 85' lang='lat' dir='ltr'>Rex</span> <span class='ocrx_word' id='word_1_159' title='bbox 1063 1035 1187 1067; x_wconf 84' lang='lat' dir='ltr'>habitat</span> <span class='ocrx_word' id='word_1_160' title='bbox 1207 1035 1242 1066; x_wconf 90' lang='lat' dir='ltr'>in</span> <span class='ocrx_word' id='word_1_161' title='bbox 1266 1035 1401 1074; x_wconf 82' lang='lat' dir='ltr'>stabulo,</span> 
     </span>
     <span class='ocr_line' id='line_1_55' title="bbox 964 1082 1364 1122; baseline -0.005 -7"><span class='ocrx_word' id='word_1_162' title='bbox 964 1083 1149 1115; x_wconf 80' lang='lat' dir='ltr'>Aeternitas</span> <span class='ocrx_word' id='word_1_163' title='bbox 1172 1082 1205 1113; x_wconf 90' lang='lat' dir='ltr'>in</span> <span class='ocrx_word' id='word_1_164' title='bbox 1229 1082 1364 1122; x_wconf 84' lang='lat' dir='ltr'>saeculo,</span> 
     </span>
     <span class='ocr_line' id='line_1_56' title="bbox 965 1129 1113 1161; baseline 0 -1"><span class='ocrx_word' id='word_1_165' title='bbox 965 1129 1113 1161; x_wconf 85' lang='lat' dir='ltr'>Patibulo</span> 
     </span>
     <span class='ocr_line' id='line_1_57' title="bbox 967 1176 1457 1208; baseline 0 -1"><span class='ocrx_word' id='word_1_166' title='bbox 967 1176 1056 1207; x_wconf 74' lang='lat' dir='ltr'>Mors</span> <span class='ocrx_word' id='word_1_167' title='bbox 1080 1177 1182 1207; x_wconf 91' lang='lat' dir='ltr'>morte</span> <span class='ocrx_word' id='word_1_168' title='bbox 1206 1176 1291 1207; x_wconf 86' lang='lat' dir='ltr'>victa</span> <span class='ocrx_word' id='word_1_169' title='bbox 1314 1176 1457 1208; x_wconf 84' lang='lat' dir='ltr'>moritur.</span> 
     </span>
    </p>
   </div>
   <div class='ocr_carea' id='block_1_12' title="bbox 921 1231 1453 1499">
    <p class='ocr_par' dir='ltr' id='par_1_20' title="bbox 921 1231 1453 1499">
     <span class='ocr_line' id='line_1_58' title="bbox 921 1231 1364 1274; baseline -0.009 -8"><span class='ocrx_word' id='word_1_170' title='bbox 921 1233 1153 1270; x_wconf 85' lang='lat' dir='ltr'>9.1nv01vitur‚</span> <span class='ocrx_word' id='word_1_171' title='bbox 1179 1231 1216 1263; x_wconf 75' lang='lat' dir='ltr'>fit</span> <span class='ocrx_word' id='word_1_172' title='bbox 1239 1232 1364 1274; x_wconf 85' lang='lat' dir='ltr'>habilis,</span> 
     </span>
     <span class='ocr_line' id='line_1_59' title="bbox 965 1279 1389 1318; baseline -0.002 -8"><span class='ocrx_word' id='word_1_173' title='bbox 965 1279 1119 1316; x_wconf 76' lang='lat' dir='ltr'>Maiestas</span> <span class='ocrx_word' id='word_1_174' title='bbox 1146 1282 1178 1311; x_wconf 85' lang='lat' dir='ltr'>ct</span> <span class='ocrx_word' id='word_1_175' title='bbox 1201 1279 1389 1318; x_wconf 78' lang='lat' dir='ltr'>tractabilis,</span> 
     </span>
     <span class='ocr_line' id='line_1_60' title="bbox 966 1326 1453 1366; baseline -0.002 -8"><span class='ocrx_word' id='word_1_176' title='bbox 966 1327 1142 1365; x_wconf 80' lang='lat' dir='ltr'>Amplexus</span> <span class='ocrx_word' id='word_1_177' title='bbox 1166 1326 1311 1366; x_wconf 78' lang='lat' dir='ltr'>praebet,</span> <span class='ocrx_word' id='word_1_178' title='bbox 1335 1326 1453 1366; x_wconf 74' lang='lat' dir='ltr'>oscula,</span> 
     </span>
     <span class='ocr_line' id='line_1_61' title="bbox 966 1373 1332 1416; baseline -0.003 -10"><span class='ocrx_word' id='word_1_179' title='bbox 966 1373 1132 1406; x_wconf 78' lang='lat' dir='ltr'>Distentus</span> <span class='ocrx_word' id='word_1_180' title='bbox 1158 1374 1332 1416; x_wconf 82' lang='lat' dir='ltr'>expiacula,</span> 
     </span>
     <span class='ocr_line' id='line_1_62' title="bbox 962 1420 1189 1459; baseline -0.009 -6"><span class='ocrx_word' id='word_1_181' title='bbox 962 1420 1050 1453; x_wconf 86' lang='lat' dir='ltr'>Dans</span> <span class='ocrx_word' id='word_1_182' title='bbox 1074 1420 1189 1459; x_wconf 85' lang='lat' dir='ltr'>pocula</span> 
     </span>
     <span class='ocr_line' id='line_1_63' title="bbox 969 1467 1349 1499; baseline 0.003 -1"><span class='ocrx_word' id='word_1_183' title='bbox 969 1467 1058 1498; x_wconf 76' lang='lat' dir='ltr'>Vitae</span> <span class='ocrx_word' id='word_1_184' title='bbox 1083 1476 1170 1499; x_wconf 87' lang='lat' dir='ltr'>amor</span> <span class='ocrx_word' id='word_1_185' title='bbox 1194 1467 1349 1499; x_wconf 74' lang='lat' dir='ltr'>amabilis,</span> 
     </span>
    </p>
   </div>
   <div class='ocr_carea' id='block_1_13' title="bbox 898 1523 1427 1799">
    <p class='ocr_par' dir='ltr' id='par_1_21' title="bbox 898 1523 1427 1752">
     <span class='ocr_line' id='line_1_64' title="bbox 898 1523 1389 1563; baseline -0.004 -7"><span class='ocrx_word' id='word_1_186' title='bbox 898 1525 953 1557; x_wconf 82' lang='lat'>10.</span> <span class='ocrx_word' id='word_1_187' title='bbox 966 1524 1087 1555; x_wconf 84' lang='lat' dir='ltr'>Domus</span> <span class='ocrx_word' id='word_1_188' title='bbox 1112 1523 1204 1556; x_wconf 76' lang='lat' dir='ltr'>fortis</span> <span class='ocrx_word' id='word_1_189' title='bbox 1232 1524 1389 1563; x_wconf 80' lang='lat' dir='ltr'>diripitur,</span> 
     </span>
     <span class='ocr_line' id='line_1_65' title="bbox 968 1570 1371 1610; baseline -0.005 -6"><span class='ocrx_word' id='word_1_190' title='bbox 968 1570 1051 1604; x_wconf 85' lang='lat' dir='ltr'>Sede</span> <span class='ocrx_word' id='word_1_191' title='bbox 1074 1573 1186 1610; x_wconf 88' lang='lat' dir='ltr'>potens</span> <span class='ocrx_word' id='word_1_192' title='bbox 1213 1571 1371 1610; x_wconf 70' lang='lat' dir='ltr'>dejicitur,</span> 
     </span>
     <span class='ocr_line' id='line_1_66' title="bbox 967 1617 1427 1658; baseline -0.004 -6"><span class='ocrx_word' id='word_1_193' title='bbox 967 1619 1034 1652; x_wconf 87' lang='lat' dir='ltr'>Pax</span> <span class='ocrx_word' id='word_1_194' title='bbox 1061 1617 1273 1658; x_wconf 84' lang='lat' dir='ltr'>depraedatur</span> <span class='ocrx_word' id='word_1_195' title='bbox 1296 1618 1427 1658; x_wconf 80' lang='lat' dir='ltr'>inferos,</span> 
     </span>
     <span class='ocr_line' id='line_1_67' title="bbox 970 1665 1386 1705; baseline 0 -8"><span class='ocrx_word' id='word_1_196' title='bbox 970 1665 1119 1705; x_wconf 84' lang='lat' dir='ltr'>Captivos</span> <span class='ocrx_word' id='word_1_197' title='bbox 1144 1665 1231 1698; x_wconf 87' lang='lat' dir='ltr'>ducit</span> <span class='ocrx_word' id='word_1_198' title='bbox 1254 1666 1386 1697; x_wconf 86' lang='lat' dir='ltr'>miseros</span> 
     </span>
     <span class='ocr_line' id='line_1_68' title="bbox 967 1712 1186 1752; baseline -0.009 -7"><span class='ocrx_word' id='word_1_199' title='bbox 967 1712 1022 1745; x_wconf 84' lang='lat' dir='ltr'>Ad</span> <span class='ocrx_word' id='word_1_200' title='bbox 1045 1721 1186 1752; x_wconf 86' lang='lat' dir='ltr'>superos,</span> 
     </span>
    </p>

    <p class='ocr_par' dir='ltr' id='par_1_22' title="bbox 970 1759 1394 1799">
     <span class='ocr_line' id='line_1_69' title="bbox 970 1759 1394 1799; baseline 0.002 -8"><span class='ocrx_word' id='word_1_201' title='bbox 970 1759 1061 1791; x_wconf 82' lang='lat' dir='ltr'>Salus</span> <span class='ocrx_word' id='word_1_202' title='bbox 1086 1763 1197 1791; x_wconf 86' lang='lat' dir='ltr'>nostra</span> <span class='ocrx_word' id='word_1_203' title='bbox 1219 1759 1394 1799; x_wconf 85' lang='lat' dir='ltr'>perficitur.</span> 
     </span>
    </p>
   </div>
   <div class='ocr_carea' id='block_1_14' title="bbox 901 1816 1438 2093">
    <p class='ocr_par' dir='ltr' id='par_1_23' title="bbox 901 1816 1438 2093">
     <span class='ocr_line' id='line_1_70' title="bbox 901 1816 1385 1856; baseline -0.006 -6"><span class='ocrx_word' id='word_1_204' title='bbox 901 1817 955 1850; x_wconf 82' lang='lat'>11.</span> <span class='ocrx_word' id='word_1_205' title='bbox 972 1816 1068 1855; x_wconf 86' lang='lat' dir='ltr'>Cujus</span> <span class='ocrx_word' id='word_1_206' title='bbox 1090 1817 1209 1856; x_wconf 86' lang='lat' dir='ltr'>justum</span> <span class='ocrx_word' id='word_1_207' title='bbox 1230 1816 1385 1855; x_wconf 67' lang='lat' dir='ltr'>¹iudicium</span> 
     </span>
     <span class='ocr_line' id='line_1_71' title="bbox 969 1863 1425 1903; baseline -0.004 -8"><span class='ocrx_word' id='word_1_208' title='bbox 969 1864 1059 1897; x_wconf 84' lang='lat' dir='ltr'>Inter</span> <span class='ocrx_word' id='word_1_209' title='bbox 1083 1864 1202 1903; x_wconf 88' lang='lat' dir='ltr'>justum</span> <span class='ocrx_word' id='word_1_210' title='bbox 1228 1866 1260 1894; x_wconf 81' lang='lat' dir='ltr'>et</span> <span class='ocrx_word' id='word_1_211' title='bbox 1283 1863 1425 1903; x_wconf 88' lang='lat' dir='ltr'>impium,</span> 
     </span>
     <span class='ocr_line' id='line_1_72' title="bbox 971 1910 1427 1950; baseline -0.002 -8"><span class='ocrx_word' id='word_1_212' title='bbox 971 1910 1168 1950; x_wconf 79' lang='lat' dir='ltr'>Supplicium</span> <span class='ocrx_word' id='word_1_213' title='bbox 1192 1911 1243 1942; x_wconf 91' lang='lat' dir='ltr'>vel</span> <span class='ocrx_word' id='word_1_214' title='bbox 1267 1910 1427 1950; x_wconf 81' lang='lat' dir='ltr'>gaudium,</span> 
     </span>
     <span class='ocr_line' id='line_1_73' title="bbox 970 1958 1396 1997; baseline -0.002 -8"><span class='ocrx_word' id='word_1_215' title='bbox 970 1958 1061 1990; x_wconf 90' lang='lat' dir='ltr'>Finis</span> <span class='ocrx_word' id='word_1_216' title='bbox 1085 1959 1139 1990; x_wconf 84' lang='lat' dir='ltr'>hic</span> <span class='ocrx_word' id='word_1_217' title='bbox 1164 1958 1225 1989; x_wconf 84' lang='lat' dir='ltr'>erit</span> <span class='ocrx_word' id='word_1_218' title='bbox 1249 1959 1396 1997; x_wconf 84' lang='lat' dir='ltr'>omnium,</span> 
     </span>
     <span class='ocr_line' id='line_1_74' title="bbox 970 2005 1193 2038; baseline -0.009 0"><span class='ocrx_word' id='word_1_219' title='bbox 970 2005 1033 2038; x_wconf 89' lang='lat' dir='ltr'>Per</span> <span class='ocrx_word' id='word_1_220' title='bbox 1055 2006 1193 2038; x_wconf 88' lang='lat' dir='ltr'>medium</span> 
     </span>
     <span class='ocr_line' id='line_1_75' title="bbox 970 2053 1438 2093; baseline -0.002 -8"><span class='ocrx_word' id='word_1_221' title='bbox 970 2053 1145 2093; x_wconf 84' lang='lat' dir='ltr'>Regressus</span> <span class='ocrx_word' id='word_1_222' title='bbox 1168 2053 1210 2084; x_wconf 87' lang='lat' dir='ltr'>ad</span> <span class='ocrx_word' id='word_1_223' title='bbox 1236 2053 1438 2093; x_wconf 86' lang='lat' dir='ltr'>principium.</span> 
     </span>
    </p>
   </div>
   <div class='ocr_carea' id='block_1_15' title="bbox 903 2109 1512 2380">
    <p class='ocr_par' dir='ltr' id='par_1_24' title="bbox 903 2109 1512 2380">
     <span class='ocr_line' id='line_1_76' title="bbox 903 2109 1403 2149; baseline -0.004 -7"><span class='ocrx_word' id='word_1_224' title='bbox 903 2111 957 2142; x_wconf 79' lang='lat'>12.</span> <span class='ocrx_word' id='word_1_225' title='bbox 972 2110 1165 2149; x_wconf 87' lang='lat' dir='ltr'>Angelorum</span> <span class='ocrx_word' id='word_1_226' title='bbox 1188 2114 1222 2142; x_wconf 74' lang='lat' dir='ltr'>et</span> <span class='ocrx_word' id='word_1_227' title='bbox 1243 2109 1403 2142; x_wconf 81' lang='lat' dir='ltr'>hominum</span> 
     </span>
     <span class='ocr_line' id='line_1_77' title="bbox 967 2156 1430 2195; baseline -0.004 -7"><span class='ocrx_word' id='word_1_228' title='bbox 967 2156 1015 2188; x_wconf 84' lang='lat' dir='ltr'>Te</span> <span class='ocrx_word' id='word_1_229' title='bbox 1036 2157 1210 2195; x_wconf 75' lang='lat' dir='ltr'>Jucundum</span> <span class='ocrx_word' id='word_1_230' title='bbox 1240 2157 1430 2189; x_wconf 80' lang='lat' dir='ltr'>consortium</span> 
     </span>
     <span class='ocr_line' id='line_1_78' title="bbox 971 2203 1371 2237; baseline -0.003 -3"><span class='ocrx_word' id='word_1_231' title='bbox 971 2203 1016 2234; x_wconf 82' lang='lat' dir='ltr'>Et</span> <span class='ocrx_word' id='word_1_232' title='bbox 1040 2213 1134 2234; x_wconf 86' lang='lat' dir='ltr'>uuum</span> <span class='ocrx_word' id='word_1_233' title='bbox 1159 2204 1371 2237; x_wconf 80' lang='lat' dir='ltr'>necessarium</span> 
     </span>
     <span class='ocr_line' id='line_1_79' title="bbox 970 2250 1474 2292; baseline 0.002 -10"><span class='ocrx_word' id='word_1_234' title='bbox 970 2250 1132 2292; x_wconf 81' lang='lat' dir='ltr'>Nostrum,</span> <span class='ocrx_word' id='word_1_235' title='bbox 1154 2250 1278 2285; x_wconf 81' lang='lat' dir='ltr'>Mariae</span> <span class='ocrx_word' id='word_1_236' title='bbox 1301 2251 1474 2290; x_wconf 80' lang='lat' dir='ltr'>praemium</span> 
     </span>
     <span class='ocr_line' id='line_1_80' title="bbox 970 2296 1186 2336; baseline -0.005 -7"><span class='ocrx_word' id='word_1_237' title='bbox 970 2296 1014 2329; x_wconf 87' lang='lat' dir='ltr'>Et</span> <span class='ocrx_word' id='word_1_238' title='bbox 1037 2298 1186 2336; x_wconf 83' lang='lat' dir='ltr'>gaudium</span> 
     </span>
     <span class='ocr_line' id='line_1_81' title="bbox 966 2342 1512 2380; baseline 0.005 -6"><span class='ocrx_word' id='word_1_239' title='bbox 966 2343 1027 2374; x_wconf 86' lang='lat' dir='ltr'>Per</span> <span class='ocrx_word' id='word_1_240' title='bbox 1039 2345 1059 2376; x_wconf 81' lang='lat' dir='ltr'><strong>J</strong></span> <span class='ocrx_word' id='word_1_241' title='bbox 1062 2352 1148 2375; x_wconf 88' lang='lat' dir='ltr'>esum</span> <span class='ocrx_word' id='word_1_242' title='bbox 1162 2342 1319 2378; x_wconf 85' lang='lat' dir='ltr'>Christum</span> <span class='ocrx_word' id='word_1_243' title='bbox 1332 2343 1512 2380; x_wconf 85' lang='lat' dir='ltr'>Dominum.</span> 
     </span>
    </p>
   </div>
   <div class='ocr_carea' id='block_1_16' title="bbox 301 2403 1042 2440">
    <p class='ocr_par' dir='ltr' id='par_1_25' title="bbox 301 2403 1042 2440">
     <span class='ocr_line' id='line_1_82' title="bbox 301 2403 1042 2440; baseline -0.001 -7"><span class='ocrx_word' id='word_1_244' title='bbox 301 2405 373 2433; x_wconf 80' lang='lat' dir='ltr'>clm.</span> <span class='ocrx_word' id='word_1_245' title='bbox 392 2405 544 2433; x_wconf 84' lang='lat' dir='ltr'>Monacen.</span> <span class='ocrx_word' id='word_1_246' title='bbox 564 2405 612 2439; x_wconf 90' lang='lat' dir='ltr'>(ol.</span> <span class='ocrx_word' id='word_1_247' title='bbox 632 2404 778 2440; x_wconf 78' lang='lat' dir='ltr'>Altahen.)</span> <span class='ocrx_word' id='word_1_248' title='bbox 797 2403 880 2433; x_wconf 84' lang='lat'>9624.</span> <span class='ocrx_word' id='word_1_249' title='bbox 900 2415 976 2434; x_wconf 85' lang='lat' dir='ltr'>saec.</span> <span class='ocrx_word' id='word_1_250' title='bbox 998 2404 1042 2434; x_wconf 86' lang='lat'>13.</span> 
     </span>
    </p>
   </div>
  </div>
 </body>
</html>
