1653 2564
694 93 927 128 ,(58.-

773 205 842 235 99.

629 267 672 300 De
692 269 801 300 saneta
820 267 987 299 Dorothea.

161 340 191 373 1.
219 339 281 370 Par
306 339 458 369 concentu
482 338 584 377 rogito
837 338 869 370 2.
894 336 1010 369 Tulisti
1034 336 1228 374 memoriam,

220 385 326 417 Omnis
354 385 454 416 clerus
481 385 581 424 cogito
897 382 972 417 Cum
998 384 1040 415 ad
1065 385 1150 416 vitae
1173 383 1308 423 gloriam

264 431 366 463 Dulce
391 432 567 472 carininari‚
944 431 1041 471 Virgo
1070 438 1270 470 properareS,

219 478 343 511 Laudet
366 487 491 510 servam
515 478 651 517 Domini,
896 478 1127 517 oppressorum
1151 476 1258 508 facere

217 526 302 557 Laus
326 525 367 556 sit
393 525 458 564 ejus
482 525 609 565 nomini,
897 525 1003 564 Atque
1025 532 1137 563 preces
1163 522 1306 567 fundere,

268 572 402 604 Studeat
425 572 471 603 sic
495 570 573 605 fari:
944 571 1011 603 Nos
1035 573 1071 603 ut
1095 570 1267 610 liberares3

218 620 291 659 EJa,
315 619 453 659 linguam
480 619 601 658 solvite,
897 618 993 661 Ergo,
1020 618 1075 657 pia
1101 618 1236 655 domina,

223 665 325 698 Corde
349 666 431 698 laeto
458 666 570 705 canite,
899 665 991 698 Vitae
1015 668 1181 704 praestans
1206 664 1309 697 omina

220 712 413 745 Doroiheam
437 714 546 752 petite,
898 711 1010 744 Scribe
1033 715 1144 744 nostra
1164 711 1292 744 nomina

220 760 302 792 Puro
326 768 426 798 purae
451 760 601 800 quaerite,
899 760 976 792 Post
999 760 1078 790 haec
1103 759 1205 790 carnis
1231 758 1352 790 somnia

266 806 430 845 Supplices
454 807 581 847 instate,
946 803 984 837 Iu
1010 814 1181 845 perennem
1205 805 1285 837 ritae

265 854 370 893 Ipsam
395 854 536 887 adorate.
946 852 1091 893 Librum,
1120 853 1173 885 via
1197 852 1290 886 vitae.

556 912 589 943 3.
614 909 698 941 Fore
722 911 823 941 mater
846 917 1020 949 pauperum

610 956 654 988 Et
682 957 834 988 bonorum
859 965 998 995 operum,

658 1003 783 1043 Sancta,
813 1003 972 1042 cupiebas),

612 1051 673 1082 Pro
698 1049 789 1081 nobis
814 1050 856 1081 ad
881 1050 1051 1081 Dominum

609 1097 820 1137 interpellans
846 1096 993 1135 omnium,

658 1144 773 1175 Dando
800 1143 906 1175 dulces
932 1144 1009 1175 odas

612 1190 839 1223 Benedicamus
866 1190 1009 1233 Domni0‚

613 1237 702 1269 Patri
726 1237 795 1268 sine
817 1238 960 1274 termino,

615 1285 652 1316 In
677 1293 823 1325 supremo
848 1285 936 1321 solio,

616 1330 666 1362 Sit
686 1332 756 1363 laus
782 1332 848 1371 eJ‘us
871 1330 938 1363 filio

662 1378 825 1411 Pneumati
850 1380 882 1409 et
906 1377 988 1410 almo

664 1425 778 1465 Corde,
801 1425 912 1465 jubilo.

243 1499 310 1527 Cod.
342 1499 534 1532 Ovmpon‘tan.
563 1498 611 1529 (ol.
639 1498 812 1526 carthusiae
835 1499 867 1524 in
893 1497 1027 1532 Schnalz)
1051 1506 1126 1525 saec.
1151 1496 1193 1525 14.
1229 1513 1258 1518 —-
1301 1496 1335 1532 3,
1370 1496 1404 1525 12
1428 1500 1468 1525 ist

169 1537 317 1566 vielleichiz
331 1537 481 1572 vei-derbi,
502 1544 533 1564 es
552 1536 627 1563 fehlt
645 1537 711 1563 eine
731 1535 813 1563 Silbe
830 1536 892 1562 und
910 1536 960 1563 der
979 1536 1071 1563 Reim.

766 1667 865 1698 100.

635 1731 677 1762 De
699 1733 806 1763 saneto
829 1730 1001 1763 Franciseo.

171 1804 200 1835 1.
225 1802 263 1834 In
295 1801 492 1841 paupertatis
517 1800 649 1839 praedio
848 1802 878 1834 2.
906 1803 944 1834 In
968 1801 1020 1833 via
1041 1803 1156 1842 purgat
1180 1802 1258 1834 vitia

227 1848 417 1881 Franciscus
441 1848 567 1887 plantat
590 1849 723 1886 vineam,
954 1847 1057 1880 Corde
1080 1849 1216 1880 mundus
1239 1851 1271 1880 e‘n
1294 1856 1400 1890 opero,

275 1896 378 1928 Verae
402 1895 474 1928 vitis
498 1894 704 1936 propaginem
908 1896 1057 1928 Coruscet
1080 1899 1116 1927 ut
1139 1896 1171 1927 in
1195 1896 1302 1936 patria

228 1944 334 1984 Auget
355 1951 438 1975 nova
461 1942 639 1981 productio,
954 1942 1074 1983 Culpae
1096 1943 1179 1975 liber
1204 1944 1244 1976 ab
1269 1951 1375 1977 onere.

273 1990 422 2023 Evellens
447 1990 579 2029 stirpem
603 1989 755 2030 spineam,

320 2036 416 2069 Ficus
441 2036 500 2068 alit
524 2036 733 2075 dulcedinem,
851 2038 882 2070 3.
909 2037 961 2068 Ad
985 2046 1116 2069 amoena
1138 2046 1258 2077 pascua

230 2084 323 2117 Cedit
346 2084 503 2124 spinetum
527 2084 604 2115 lilio.
954 2084 1058 2124 Vagas
1083 2094 1157 2117 oves
1183 2084 1293 2124 dirige,

611 2140 678 2173 Fac
701 2140 791 2179 sequi
814 2139 965 2180 proficua,

659 2186 784 2218 Mentes
809 2187 915 2225 lapsas
941 2188 1034 2230 erige,

611 2232 663 2265 Da
691 2242 761 2267 cum
785 2233 873 2274 agnis
900 2233 982 2274 eligi,

613 2279 664 2312 Da
688 2289 758 2312 cum
782 2280 887 2320 granis
913 2281 1028 2322 colligi.

250 2354 332 2383 Cant.
351 2364 404 2382 ms.
427 2355 508 2382 Petri
526 2354 563 2382 de
580 2354 704 2382 Medicis
726 2362 800 2382 saec.
823 2352 868 2382 13.
908 2355 978 2383 eod.
997 2356 1186 2383 Laurentian.
1207 2355 1251 2382 Pl.
1272 2352 1318 2381 29.
1340 2352 1366 2382 1.
