1653 2564
698 121 953 158 —150-

545 219 576 251 5.
602 216 702 249 Nemo
727 219 792 248 tam
817 215 961 259 deneger,

646 266 710 294 tam
736 262 943 302 detestabilis,

597 310 656 349 Qui
677 319 739 341 non
765 310 807 341 sit
830 310 934 348 gratia.

643 365 839 388 nummorum
861 356 987 397 habilis,

595 403 653 442 Qui
678 403 749 442 plus
773 403 880 442 habet,
903 404 974 442 plus
1000 406 1046 434 est

644 450 764 493 doctus,
792 449 945 492 amabilis,

596 496 754 529 Ridentur
783 498 903 536 inopes,

646 544 741 575 etiam
764 543 881 576 nobilis

643 590 770 630 Pauper
791 592 878 629 jacet,
900 591 983 626 vilis.

254 693 322 720 eod.
349 693 488 721 Oxonien.
514 694 685 721 Rawlinson
710 693 732 721 O
762 692 826 721 510.
855 702 929 720 saec.
963 691 1005 721 13.
1034 694 1068 721 A.
1097 708 1131 712 -
1157 694 1239 721 Cant.
1266 702 1319 721 ms.
1342 693 1423 720 Petri
1449 693 1484 719 de

176 730 299 758 >boicis
325 739 400 758 saco¹
432 728 475 758 13.
520 731 588 758 Ccd.
615 731 804 758 Laurentian.
825 731 869 759 Pl.
895 729 940 758 29.
969 730 993 758 1.
1014 732 1046 759 B.
1070 746 1102 750 —
1127 732 1209 759 Cant.
1238 739 1290 759 ms.
1309 731 1484 758 Toletanum

177 775 251 795 saec.
283 766 327 796 13.
368 768 436 796 Cod.
455 769 604 796 Matriten.
629 768 724 796 Tolet.
755 767 810 797 930
835 766 968 804 (33—23)
1000 769 1030 796 C.
1058 784 1094 787 —
1125 768 1156 803 1,
1184 768 1201 797 5
1225 778 1289 797 cum
1310 770 1484 804 praecipitet

181 806 212 832 B.
232 821 269 825 m
290 804 315 837 2,
339 805 353 834 1
375 807 450 833 scire
470 807 600 841 proderit
617 806 651 833 B.
676 821 713 825 —
732 805 758 841 4,
779 806 798 834 4
817 808 921 835 bursas
940 807 976 833 A.
998 822 1034 826 —
1054 806 1081 840 4,
1102 804 1120 834 8
1140 816 1183 843 sq.
1203 807 1371 844 umgestellt
1389 808 1424 834 A.
1449 820 1479 825 —

177 845 200 870 G
224 843 276 870 hat
300 853 355 871 nur
384 844 449 871 eine
466 844 525 877 (die
546 843 631 878 erste)
651 844 784 880 fflrophe.
804 859 842 864 ——
861 844 887 870 A
907 845 1108 872 fibersehreibt
1126 845 1178 872 das
1199 846 1288 873 Lied:
1314 845 1359 872 De
1380 844 1483 872 effectu

176 881 337 909 mundanae
360 883 526 917 peccuniae.

653 1086 734 1122 Quod
750 1087 803 1126 jus
823 1087 937 1118 venam
956 1087 1007 1118 sit.

784 1182 877 1213 215.

183 1279 212 1310 1.
238 1277 327 1310 Omni
354 1286 455 1317 paene
480 1280 586 1311 curiae
860 1280 891 1311 2.
919 1278 1037 1311 Sedent
1059 1280 1093 1311 in
1117 1280 1254 1321 insidiis,

286 1326 476 1357 Praesident
498 1327 531 1357 in
558 1326 648 1363 curii,
965 1328 1141 1367 Pauperem
1164 1330 1201 1358 ut
1221 1327 1356 1370 rapiant,

240 1371 339 1403 Penes
365 1381 441 1412 quos
463 1374 606 1412 justitiae
921 1377 947 1406 A
973 1374 1074 1405 tribus
1099 1375 1236 1414 angariis

286 1419 391 1451 Tenor
416 1422 447 1450 et
467 1420 591 1461 Judioii‚
966 1421 1152 1453 Seminudos
1177 1422 1324 1461 spoliant,

241 1466 313 1497 Pios
337 1467 438 1507 ligant
461 1467 567 1507 impie,
918 1467 981 1499 Sed
1004 1467 1115 1499 referti
1139 1469 1249 1507 spoliis

287 1514 352 1545 Sed
377 1514 542 1546 solvuntur
565 1514 664 1555 impii,
965 1515 1093 1546 Precem
1115 1515 1215 1554 magns
1238 1514 1373 1553 inhiant,

240 1560 307 1591 Nec
337 1561 414 1593 dant
436 1561 539 1593 locum
563 1561 674 1593 veniae
919 1561 1081 1601 Hydropis
1105 1561 1137 1592 in
1162 1562 1274 1593 mediis

288 1608 359 1639 Nisi
388 1610 474 1639 sorte
497 1608 640 1648 praemii.
965 1608 1057 1640 Sitim
1080 1608 1174 1639 rebus
1201 1608 1363 1648 ampliant.

577 1694 611 1726 3.
634 1692 740 1724 Hodie
760 1692 812 1731 J'us
837 1692 951 1723 emitur

678 1739 797 1779 Magno
826 1739 952 1779 quidem
976 1740 1090 1780 profic,

633 1785 741 1818 Judioi
765 1786 915 1818 tribuitur

679 1833 814 1873 Totique
839 1833 981 1877 collegio,

633 1880 752 1912 Tamen
775 1880 861 1912 haud
885 1879 1050 1920 perficitur

680 1927 738 1959 Jus
761 1928 829 1959 sine
854 1927 1030 1968 dispendio,

636 1974 708 2006 Nisi
731 1984 839 2007 rursus
864 1976 1005 2015 sequitur

681 2022 825 2054 Muneris
853 2022 981 2055 oblatio.

261 2125 342 2153 Cant.
363 2134 416 2153 ms.
436 2124 517 2151 Petri
537 2125 573 2152 de
591 2123 714 2152 Mech'eis
734 2133 809 2152 saec.
831 2121 875 2152 13.
914 2124 984 2152 Cod.
1003 2125 1192 2152 Laurentian.
1212 2124 1257 2152 Pl.
1277 2121 1323 2151 29.
1346 2122 1370 2151 1.
1390 2124 1427 2151 A.
1451 2140 1483 2144 —

183 2162 254 2190 eod.
275 2162 416 2190 Oxonien.
435 2162 607 2190 Rawlinson
625 2162 657 2189 G.
678 2160 743 2189 510.
764 2171 839 2190 saec.
861 2160 906 2189 13.
926 2163 959 2188 B.
977 2177 1016 2181 —
1035 2160 1062 2196 3,
1083 2160 1100 2188 5
1119 2161 1269 2197 proficitur
1289 2162 1323 2189 B.
