1653 2564
758 130 993 164 -42-

219 227 249 259 5.
277 227 394 259 Caecos
418 225 489 256 luce
513 225 645 265 gratiae,
899 226 931 258 6.
961 224 1063 256 Verae
1088 223 1172 254 cedit
1192 223 1327 266 hostiae,

273 272 501 312 Triumphavit
523 271 627 310 hodic,
954 267 1186 310 Triumphum}
1208 269 1312 308 hodie,

277 320 393 352 Caecos
417 319 488 350 luce
511 318 634 358 gratiae
956 318 1060 350 Verae
1085 316 1170 347 cedit
1193 316 1326 355 hostiae,

322 365 421 397 Sanat
439 366 591 406 medicus,
1005 364 1114 403 Agnus
1139 362 1275 404 typicus,

276 412 497 451 Triumphavit
519 412 615 444 hodie
957 410 1179 450 Triumphavit
1201 409 1298 441 hodie

323 459 392 490 Rex
417 458 579 497 pacificus.
1005 458 1076 490 Rex
1101 455 1263 496 pacificus¹

616 525 647 556 7.
676 523 787 555 Comes
812 524 861 553 est
884 522 1039 554 victoriae

668 568 897 609 Triumphavit
920 569 1024 610 hodie,

665 616 781 649 Comes
805 618 854 647 est
877 616 1030 648 victoriae

717 663 803 696 Grex
827 663 1009 705 catholicus,

667 710 890 750 Triumphavit
913 711 1009 742 hodie

713 758 783 789 Rex
807 756 968 797 pacificus.

294 833 381 860 Cant.
401 840 454 859 ms.
474 833 554 860 Petri
575 833 601 859 d<
628 831 753 859 Medicis
773 839 848 858 saec.
871 828 914 858 13.
949 831 1018 858 Cod.
1037 831 1227 858 Laurentian.
1247 830 1292 857 Pl.
1313 828 1359 857 29.
1381 829 1406 857 1.

842 959 908 990 52.

222 1043 250 1075 1.
277 1041 391 1073 Mundi
414 1041 563 1080 princeps
588 1039 722 1079 ejicitur,
902 1041 932 1072 3.
961 1040 1017 1071 Vir
1039 1038 1188 1070 innocens
1213 1037 1378 1078 occiditur,

277 1088 322 1120 Ios
344 1087 431 1128 liquo
455 1088 524 1120 υἱέα
542 1087 691 1128 moritur,
956 1087 1001 1118 In
1023 1086 1109 1126 Ziyno
1132 1085 1200 1117 vita
1221 1084 1370 1125 moritur,

277 1135 391 1166 Mundi
413 1136 563 1174 princeps
588 1134 713 1172 ejicitur
958 1133 1017 1164 Vir
1039 1133 1189 1164 innocens
1214 1131 1370 1163 occiditur

326 1181 444 1215 Christi
468 1182 569 1214 victus
593 1180 737 1220 victoria,
1002 1179 1088 1211 Data
1110 1179 1227 1211 latroni
1250 1178 1352 1217 venia,

324 1228 442 1260 Salutis
466 1229 581 1268 pandit
604 1228 685 1259 ostia.
1003 1226 1121 1258 Salutis
1144 1226 1258 1265 pandit
1282 1225 1363 1257 ostia

323 1277 422 1308 Passa
445 1284 504 1315 pro
528 1275 619 1307 nobis
643 1274 755 1306 hostia.
1003 1274 1103 1305 Passa
1125 1282 1184 1312 pro
1208 1272 1299 1305 nobis
1323 1272 1436 1305 hostia.

225 1348 240 1375 J
277 1341 370 1381 Legis
394 1340 495 1381 figura
519 1341 651 1381 tollitur,
897 1342 929 1373 4.
954 1341 1044 1372 Mors
1065 1340 1130 1378 jam
1154 1348 1218 1371 non
1243 1338 1464 1378 dominabitur,

275 1388 319 1420 Iu
343 1388 429 1428 ligno
453 1388 521 1420 υἱέα
543 1390 691 1426 morzt'ur,
954 1387 1000 1418 Ioz
1021 1386 1107 1427 Ziyno
1132 1386 1200 1418 υἱέα
1222 1385 1370 1428 moritur,

276 1435 371 1475 Legis
395 1433 497 1474 figura
520 1435 653 1474 tollitur,
953 1434 1042 1465 Mors
1063 1434 1129 1473 jam
1153 1442 1215 1464 non
1241 1432 1451 1464 dominabitur

324 1482 403 1521 Legi
425 1482 568 1514 succedit
590 1482 702 1522 gratia,
1006 1480 1196 1520 Resurgenti
1221 1488 1291 1510 cum
1316 1479 1436 1519 gloria3

325 1529 442 1560 Salutis
466 1529 580 1569 pandit
604 1529 685 1560 ostia
1004 1527 1121 1559 Salutis
1146 1526 1260 1566 pandit
1284 1526 1365 1558 ostia

324 1577 423 1608 Passa
447 1585 504 1616 pro
529 1576 620 1607 nobis
645 1576 758 1607 hostia.
1003 1575 1102 1606 Passa
1125 1582 1184 1613 pro
1207 1573 1298 1605 nobis
1323 1572 1435 1605 hostia.

617 1643 650 1674 5.
676 1641 772 1673 Satan
797 1641 890 1672 hamo
914 1641 1128 1681 suspenditur,

670 1688 713 1719 Iol
738 1688 825 1728 liquo
849 1687 917 1720 vita
939 1688 1086 1730 moritur,

668 1735 766 1767 Satan
789 1735 882 1766 hamo
907 1735 1120 1777 suspenditur,

714 1782 812 1814 Tecto
837 1783 940 1814 carnis
964 1782 1152 1821 substantia,

715 1828 833 1861 Salutis
857 1830 972 1869 pandit
996 1830 1077 1861 ostia

716 1877 817 1909 Passa
840 1885 898 1916 pro
923 1877 1015 1909 nobis
1037 1877 1150 1908 hostia.

296 1952 378 1980 Cant.
399 1960 450 1979 ms.
471 1953 551 1980 Petri
571 1951 607 1979 de
625 1951 748 1978 Medicis
770 1958 845 1977 saec.
867 1947 911 1977 13.
946 1950 1014 1978 Cod.
1034 1950 1223 1978 Laurentian.
1242 1950 1287 1977 Pl.
1309 1947 1356 1977 29.
1378 1949 1402 1977 1.

838 2072 904 2102 53.

220 2153 248 2185 1.
276 2151 424 2184 Exsultat
448 2151 538 2191 plebs
562 2150 714 2190 fidelium,
900 2153 931 2185 2.
957 2151 1046 2183 Mors
1069 2151 1180 2183 mortis
1205 2154 1254 2182 est
1277 2151 1443 2191 excidium,

274 2198 448 2229 lezobum
470 2198 562 2230 vertit
583 2198 622 2229 m
643 2197 812 2238 ,qaudizmn
956 2198 1131 2230 lenctum
1153 2199 1245 2230 υθνέὶέ
1266 2199 1305 2229 ‘in
1326 2198 1494 2239 glaudium,

275 2245 374 2276 Sacco
397 2253 490 2283 passo
517 2245 683 2276 discidium
955 2245 1082 2277 Morsus
1108 2248 1156 2276 est
1177 2246 1264 2277 locus
1289 2245 1426 2276 tristium

326 2291 462 2323 Vestivit
484 2300 541 2323 nos
566 2291 698 2330 laetitia,
1003 2293 1104 2325 Caesa
1127 2301 1185 2332 pro
1209 2292 1300 2323 nobis
1324 2291 1437 2331 hostia,

279 2339 441 2370 Plancium
466 2338 563 2370 vertit
585 2338 619 2369 in
643 2337 791 2377 gaudium
952 2339 1117 2370 Planctum
1142 2339 1238 2371 vertit
1260 2339 1294 2369 in
1317 2338 1466 2378 gaudium

324 2386 451 2417 Summa
475 2385 591 2417 Christi
617 2384 759 2417 victoria.
1003 2386 1131 2418 Summa
1156 2385 1273 2418 Christi
1297 2385 1441 2421 victoria.
