1653 2564
759 131 1004 165 —142—

833 239 933 269 2⁰2.

784 300 988 332 Lamentatio-

237 370 268 401 1.
293 369 454 408 Quomodo
478 373 549 401 sunt
573 370 656 402 oculi
913 371 945 402 4.
971 369 1052 409 Heu,
1078 369 1163 409 quod
1186 377 1313 400 mensae
1337 369 1464 400 Domini

340 416 557 447 Praelatorum
583 417 753 457 obscurati,
1021 415 1158 448 Offertur
1181 424 1240 455 pro
1264 415 1415 455 peccatis,

293 461 386 493 Stant
408 461 442 492 in
467 463 564 494 verbo
588 463 727 502 Domini,
971 462 1036 494 Vos
1059 463 1094 494 in
1118 462 1197 494 hora
1219 462 1348 501 prandii

341 507 404 539 Sed
428 506 513 540 facto
538 511 612 540 sunt
634 510 762 549 ingrati,
1020 509 1216 548 Pauperibus
1241 509 1381 549 negatis,

293 553 365 585 Non
389 558 525 594 arguunt
550 565 609 595 pro
634 557 764 597 scelere,
972 556 1040 587 Nec
1064 556 1167 588 nudus
1191 565 1250 595 per
1273 565 1329 588 vos
1354 556 1479 599 tegitur,

293 600 357 632 Sed
381 601 469 633 vario
493 611 552 642 pro
578 603 705 645 vellere,
973 602 1043 634 Nec
1067 603 1134 634 vita
1160 606 1268 635 vestra
1292 603 1421 646 regitur,

292 648 490 687 Compellere
970 650 1016 683 Ut
1040 650 1165 692 legitur,

340 694 439 726 Novis
462 698 579 728 norunt
601 696 751 740 moribus,
1018 698 1082 730 Vos
1108 697 1192 729 caeci
1216 706 1325 729 caecos
1351 697 1465 729 ducitis

338 741 468 781 Ipsique
495 745 581 775 stant
603 752 662 783 pro
687 743 809 776 foribus
1017 745 1054 777 In
1079 743 1265 784 foveamque
1290 744 1402 776 caditis

387 788 456 820 Nec
480 799 554 822 oves
581 791 658 823 dant
681 791 811 824 intrare.
1064 791 1200 832 Utrique
1223 801 1281 831 per
1305 792 1389 823 hunc
1405 801 1532 825 morem.

233 855 264 886 2.
291 853 358 885 Vae
382 854 482 894 vobis,
508 856 584 896 quid
610 857 713 899 agitis,
915 859 945 890 5.
971 857 1053 897 Heu,
1081 857 1165 897 quod
1189 866 1306 897 sponsa
1327 857 1454 889 Domini

339 901 363 933 Ο
389 904 634 944 metropolitani,
1017 905 1090 937 Jam
1114 905 1162 936 sic
1185 905 1394 944 adulteratur,

289 948 443 989 AbbateS,
468 951 653 990 praepositi,
971 952 1016 984 Et
1038 952 1130 984 Adae
1155 954 1243 983 costa
1265 952 1409 991 pluribus

338 996 498 1039 Canonici,
526 997 661 1030 decani?
1017 999 1166 1031 Flebanis
1197 999 1372 1041 copulatur,

292 1043 355 1075 Vos
379 1043 534 1076 introistis
558 1045 641 1077 atria
969 1047 1009 1079 In
1035 1047 1108 1078 dote
1133 1048 1207 1077 sunt,
1231 1046 1392 1085 ecclesiae,

290 1090 366 1122 Sion
388 1090 446 1122 sub
471 1092 631 1132 idolatria,
971 1093 1052 1137 Heu,
1077 1093 1251 1133 Babylonis
1275 1092 1360 1125 filiae

290 1138 353 1170 Pro
377 1139 485 1177 patria
970 1141 1125 1181 Quotidie,

339 1184 535 1217 Contenditis
560 1186 593 1217 in
617 1187 732 1226 stadio,
1016 1188 1086 1220 Nec
1106 1188 1241 1228 pauperi
1266 1187 1342 1227 quid
1368 1187 1503 1225 dabitur,

337 1231 401 1264 Sed
426 1241 487 1264 non
514 1236 644 1273 accepto
669 1234 779 1266 bravio
1020 1235 1090 1267 Nec
1111 1243 1240 1267 mensae
1262 1235 1346 1266 mica
1369 1234 1487 1266 labitur

383 1279 546 1319 Lugebitis
575 1290 692 1315 amare.
1065 1282 1111 1315 Ob
1137 1282 1240 1322 inopis
1266 1282 1443 1313 clamorem.

231 1343 263 1377 3.
289 1344 357 1376 Vae
381 1344 481 1388 vobis,
509 1347 562 1386 qui
586 1347 691 1378 vivitis
911 1352 941 1384 6.
968 1349 993 1381 O
1018 1357 1084 1391 vos,
1110 1348 1173 1379 mei
1199 1348 1377 1388 complices,

334 1391 384 1423 De
407 1391 592 1425 substantiis
617 1394 793 1434 viduarum,
1013 1396 1071 1435 Qui
1096 1398 1197 1427 terras
1221 1396 1411 1435 pergyratis,

288 1438 420 1470 Plebani
445 1441 641 1483 mercenarii,
968 1443 1041 1475 Una
1064 1451 1185 1474 mecum
1209 1442 1352 1482 plangite

335 1485 517 1518 Praedones
541 1487 726 1528 animarum,
1015 1490 1115 1522 Filios
1140 1489 1319 1531 pravitatis,

286 1532 331 1565 Ut
355 1541 466 1565 corvus
491 1535 524 1565 in
550 1535 705 1567 cadavere
966 1537 1024 1576 Qui
1056 1537 1145 1568 vobis
1170 1537 1269 1576 gratis
1294 1537 1373 1568 nihil
1399 1536 1484 1576 dant,

287 1579 382 1619 Spem
406 1581 523 1619 ponitis
548 1582 581 1613 in
606 1581 727 1622 funere,
968 1585 1014 1618 Ut,
1037 1584 1104 1616 vita
1128 1584 1190 1615 cito
1216 1586 1344 1615 careant

284 1627 347 1659 Pro
374 1636 504 1660 munere
964 1631 1008 1663 Et
1030 1634 1173 1671 pereant,

332 1673 385 1705 Sic
411 1675 493 1707 dona
519 1676 601 1707 datis
624 1676 769 1716 mystica,
1013 1678 1188 1719 Largisque
1212 1679 1281 1710 laus
1307 1680 1339 1709 et
1363 1678 1472 1720 gloria,

332 1721 396 1753 Sub
422 1723 528 1761 specie
552 1723 726 1763 sophistica
1011 1726 1164 1758 Perennis
1189 1726 1232 1756 sit
1255 1726 1407 1765 memoria

379 1768 447 1799 Nec
475 1779 530 1801 vos
555 1770 655 1809 pudet
682 1779 799 1802 errare.
1058 1773 1097 1805 In
1124 1773 1251 1805 saecula
1275 1773 1481 1805 saeculorum.

300 1842 388 1877 Trop.
408 1851 461 1869 mS.
487 1852 562 1871 saec.
592 1842 636 1872 13.
677 1844 746 1872 eod.
767 1845 968 1882 Siuttgartien.
990 1847 1052 1874 ΗΒ.
1078 1848 1094 1875 Ι
1112 1847 1178 1875 Asc.
1206 1845 1251 1875 95.
1273 1862 1308 1866 -
1330 1848 1402 1875 Dies
1422 1849 1461 1874 ist
1481 1848 1529 1874 eiu

225 1879 363 1916 richtigoe
383 1880 612 1917 Vagantenfied,
632 1883 691 1918 vgl.
712 1881 738 1916 6,
761 1881 776 1910 1
798 1892 839 1919 sq.
860 1899 897 1903 -—
918 1882 944 1918 6,
963 1883 983 1912 4
1002 1885 1095 1920 Super
1114 1884 1200 1913 filios.

442 2029 555 2062 Contra
576 2039 636 2069 eos,
659 2032 709 2070 qui
730 2032 888 2072 pastorali
909 2033 1009 2065 officio
1030 2034 1114 2064 male
1133 2033 1315 2072 funguntur.

837 2110 934 2139 203.

224 2182 254 2214 1.
281 2182 403 2223 Deduc,
429 2182 514 2222 Sion,
540 2184 716 2216 uberrimas
962 2187 1021 2218 Tui
1047 2190 1208 2227 sceptrum
1231 2188 1367 2227 imperii,

279 2229 373 2260 Velut
396 2231 567 2261 torrentem
592 2230 749 2267 lacrimas,
960 2234 1063 2264 Fures
1092 2237 1124 2265 et
1147 2234 1253 2266 furum
1278 2236 1356 2267 socii

280 2275 363 2306 Nam
388 2276 441 2315 qui
465 2286 523 2316 pro
548 2276 611 2307 tuis
636 2276 779 2315 patribus
960 2279 1100 2311 Turbato
1126 2289 1232 2312 rerum
1256 2282 1368 2313 ordine

280 2321 357 2352 Nati
383 2324 458 2354 sunt
480 2323 540 2356 tibi
563 2321 631 2365 filii,
959 2325 1143 2357 Abutuntur
1167 2328 1319 2366 regimine

281 2367 416 2406 Quorum
443 2369 560 2401 dedisti
580 2368 724 2401 manibus
957 2369 1132 2403 Pastoralis
1154 2372 1261 2406 officii.
